2692 4306
310 393 353 450 ιι
590 381 632 446 x.
676 389 706 458 ⁵,
723 389 752 445 a
797 381 917 463 (nan.)

263 567 268 586 .
306 528 504 605 deducerent),
517 538 549 586 ut
561 547 594 586 se
613 528 651 586 de
671 528 820 603 superiore
839 538 920 603 parte
941 527 1045 586 redium
1058 527 1211 606 dejecerit,

306 619 391 683 atque
405 607 446 664 ita
458 606 608 664 interierit,
650 606 712 664 Sed
724 606 793 664 illuc
808 616 944 664 revertor.

269 692 284 748 l
346 687 384 745 V.
405 686 560 760 Postquam
575 685 743 742 Corinthum
755 683 888 760 pervenit
902 684 980 742 Dion
991 697 1020 742 et
1030 685 1134 744 eodem
1143 706 1210 763 per·

328 791 366 831 art
424 764 497 842 sugit
517 763 701 832 Heraclides,
720 763 873 822 abeodem
893 764 1032 839 expulsus
1053 765 1209 840 Dionysio,

307 852 328 881 ι
340 841 365 882 ⁰·
377 849 399 878 ¹¹·
424 843 472 918 qui
486 842 637 918 praefectus
651 841 745 898 suerat
757 841 900 915 equitum;
925 842 1003 899 omni
1018 843 1127 900 ratione
1146 845 1209 902 bel·

266 923 365 981 2lum
387 939 553 997 comparare
574 930 731 995 caeperunt.
774 920 835 978 Sed
854 938 913 976 non
933 919 1052 978 mrdtum
1074 921 1210 996 proficie-

305 1003 382 1072 bant,
413 999 489 1075 quod
523 999 674 1056 multorum
709 1016 847 1056 annorum
880 999 1010 1074 tyrannis
1040 1017 1208 1074 magnarum

305 1099 392 1155 opum
403 1080 561 1154 putabatur.
603 1077 698 1142 Quam
711 1078 747 1134 ob
761 1095 879 1134 causam
891 1077 977 1151 pauci
988 1077 1024 1134 ad
1038 1077 1206 1136 societatem

267 1160 285 1216 3
305 1158 428 1233 periculi
442 1156 678 1233 perducebantur.
721 1155 782 1212 Sed
797 1155 884 1225 Dion,
898 1153 987 1212 fretus
1001 1173 1060 1212 non
1072 1165 1131 1212 tam
1145 1157 1206 1214 auio

306 1237 409 1312 copiis,
422 1253 508 1310 quarn
526 1234 593 1292 odio
612 1233 736 1310 tyranni,
754 1233 879 1290 maximo
899 1233 994 1290 auimo
1008 1233 1117 1291 duabus
1138 1253 1196 1292 one

306 1315 389 1372 rariis
412 1314 535 1372 navibus
558 1311 762 1386 quinquaginta
782 1329 920 1368 annorum
939 1312 1099 1387 imparium,
1115 1313 1207 1373 muni·

305 1402 364 1450 tum
377 1391 541 1468 quingentis
560 1391 656 1466 longis
674 1389 806 1460 navibus,
820 1389 923 1448 decem
943 1389 1078 1465 equitum,
1092 1401 1208 1448 centum

305 1471 435 1546 peditum
447 1469 573 1539 milibus,
587 1467 733 1546 profectus
753 1478 955 1544 oppugnatum,
970 1468 1058 1544 (quod
1073 1469 1206 1526 omnibus

306 1551 439 1626 gentibus
464 1547 631 1606 admirabile
652 1557 698 1604 est
710 1546 816 1622 nsum)
830 1547 903 1604 adeo
923 1546 1010 1604 sacile
1030 1547 1163 1622 perculit,
1176 1559 1208 1605 ut

305 1638 371 1704 post
390 1629 469 1686 diem
485 1627 608 1696 tertium,
622 1643 707 1700 quam
727 1624 862 1682 Siciliam
881 1625 1021 1707 attigerat,
1044 1626 1206 1700 Syracusas

305 1705 456 1764 introierit.
497 1705 621 1778 Exque
641 1703 766 1778 intelligi
779 1701 1006 1783 potestbmllum
1026 1723 1095 1760 esee
1115 1704 1207 1780 impe·

267 1787 285 1840 t
306 1784 380 1842 rium
398 1795 497 1853 tutum,
516 1783 575 1840 nisi
598 1781 801 1840 benevolentia
820 1781 958 1840 munitum
1008 1781 1055 1840 Eo
1076 1792 1205 1858 ternpore

306 1863 404 1919 aberat
418 1861 587 1936 Dionysius,
603 1871 632 1917 et
645 1861 676 1916 in
689 1859 774 1916 Italia
794 1861 921 1918 classem
934 1860 1143 1936 opperiebatur,
1158 1861 1206 1918 ad·

306 1941 498 1998 versariorum
516 1949 593 1996 ratus
611 1938 756 1994 neminem
778 1938 842 1996 siue
862 1940 975 2014 magnis
1001 1939 1094 2013 copiis
1115 1939 1152 1996 ad
1172 1958 1205 1996 se

268 2023 463 2076 eventurum.
506 2017 579 2083 Quae
591 2035 639 2074 ree
654 2035 721 2072 eum
733 2016 846 2074 fefellit.
888 2017 965 2074 Nam
979 2017 1057 2076 Dion
1071 2017 1109 2074 iis
1121 2018 1206 2092 ipsis,

306 2095 355 2171 qui
383 2097 435 2153 sub
463 2095 621 2154 adversarii
647 2093 759 2152 fueraut
786 2105 938 2170 potestate,
962 2096 1058 2172 regios
1087 2096 1206 2172 spiritus

306 2174 454 2250 repressit,
467 2174 611 2248 totiusque
626 2173 690 2248 ejus
710 2175 799 2248 partie
821 2174 930 2232 Sicilia
951 2175 1057 2250 potitus
1075 2185 1129 2245 est,
1143 2193 1207 2248 quar

307 2255 360 2312 sub
375 2252 511 2329 Dionysii
524 2262 666 2328 potestate
680 2251 790 2322 fuerat;
804 2253 922 2328 parique
933 2253 1018 2310 modo
1028 2253 1107 2310 urbis
1119 2254 1207 2328 Syra-
1276 2304 1286 2318 ,

306 2350 448 2402 cusamm,
466 2343 569 2408 praeter
589 2348 686 2388 arcem
706 2340 736 2388 et
756 2331 880 2388 insulam
898 2331 1061 2406 adjunctam
1081 2331 1206 2406 oppid0;

268 2413 286 2468 6
307 2429 399 2486 eoque
413 2429 476 2468 rem
488 2409 631 2486 perduxit,
640 2419 671 2466 ut
684 2409 789 2466 talibus
802 2409 983 2484 pactionibus
997 2428 1101 2484 pacem
1110 2420 1207 2484 tyran·

306 2509 361 2548 nus
388 2489 486 2548 lacere
510 2489 616 2546 vellet:
649 2486 783 2545 Siciliam
810 2486 889 2545 Dion
915 2488 1066 2557 obtineret,
1093 2487 1204 2546 Italian

308 2568 478 2644 Dionysius,
493 2569 655 2642 Syracusas
669 2567 880 2642 Apollocrates,
894 2565 942 2624 cui
954 2565 1108 2624 maximam
1119 2566 1208 2624 fidem

307 2647 357 2704 uni
369 2645 494 2704 habebat
509 2644 624 2722 [Dion].
892 2643 897 2650 '

270 2728 284 2782 1
346 2724 401 2782 VI.
422 2724 487 2781 Has
500 2734 558 2780 tam
570 2741 724 2798 prosperas
737 2732 850 2797 tamque
864 2722 1026 2798 inopinatas
1040 2741 1088 2780 res
1103 2741 1209 2780 conse·

308 2811 375 2860 cuta
387 2811 433 2858 est
446 2801 540 2858 subita
554 2802 744 2871 commutatio,
758 2800 834 2876 quod
847 2801 1024 2858 fortunatae
1037 2801 1206 2871 mobilitate,

268 2884 287 2939 2
307 2898 393 2954 quem
405 2879 502 2956 paullo
516 2889 581 2936 aute
597 2879 745 2950 extulerat,
759 2879 928 2956 demergere
943 2890 989 2937 ert
1002 2879 1109 2938 adorta.
1144 2880 1208 2938 Pri·

307 2977 385 3017 mum
407 2959 439 3016 in
459 2958 529 3027 lilio,
551 2957 587 3014 de
611 2977 668 3032 quo
690 2959 911 3016 commemoravi
929 2977 1024 3034 supra,
1046 2976 1128 3014 suam
1148 2958 1209 3014 vim

308 3036 446 3094 exercuit.
478 3036 554 3093 Nam
564 3055 651 3110 quum
663 3052 782 3094 uxorem
791 3036 964 3106 reduxisset,
975 3055 1036 3110 quae
1051 3036 1102 3094 alii
1115 3035 1209 3093 fuerat

307 3115 418 3185 tradita,
432 3115 576 3189 filiumque
598 3116 687 3174 vellet
705 3133 843 3176 revocare
864 3115 901 3172 ad
914 3115 1047 3172 virtutem
1066 3115 1209 3190 sperdita

307 3193 428 3262 luxuria,
442 3194 556 3268 accepit
576 3193 777 3269 gravissimum
795 3212 900 3270 parens
914 3194 1022 3250 vulnus
1039 3205 1129 3250 morte
1144 3193 1206 3250 filii.

269 3274 286 3329 3
309 3271 424 3328 Deinde
438 3282 500 3328 orta
513 3272 658 3331 dissensio
672 3282 718 3330 eet
731 3272 806 3330 iuter
819 3291 885 3330 eum
899 3281 928 3328 et
942 3271 1138 3340 Heraclidem,
1149 3271 1208 3344 qui,

307 3349 383 3424 quod
405 3349 596 3426 principatum
618 3369 676 3408 non
701 3350 888 3421 concedebat,
911 3349 1066 3408 factionem
1093 3367 1207 3423 compa·

307 3428 389 3486 ravit.
430 3428 534 3502 Neque
548 3429 575 3486 is
588 3429 684 3486 minus
698 3430 813 3486 valebat
826 3429 901 3504 apud
914 3428 1075 3504 optimates,
1086 3445 1205 3501 quorum

307 3525 454 3564 consensu
471 3517 591 3582 preerat
612 3507 710 3576 classi,
724 3526 811 3582 quum
831 3507 909 3564 Dion
930 3505 1090 3564 exercitum
1102 3504 1208 3580 pedes·

270 3587 287 3642 l
307 3594 381 3644 trem
392 3595 514 3643 teneret.
555 3585 623 3644 Non
636 3585 701 3642 tulit
719 3585 776 3642 hoc
797 3585 892 3642 animo
906 3602 986 3660 aquo
1001 3584 1088 3654 Dion,
1103 3593 1132 3640 et
1144 3599 1197 3640 rer

308 3682 372 3722 aum
385 3663 467 3724 illum
481 3663 603 3722 Homeri
616 3664 714 3722 retulit
726 3681 765 3721 ex
784 3663 914 3722 secunda
928 3661 1093 3738 rhapsodia,
1106 3661 1138 3720 in
1151 3679 1189 3736 qu
