2680 4304
332 367 437 434 xvir.
481 377 510 445 o,
525 377 554 444 r,
570 376 600 434 s.
646 367 853 453 (meane.)
1003 378 1024 438 r

137 545 169 599 a,
190 523 299 602 iuquit,
313 541 362 581 eor
378 523 553 600 nifiagum
571 521 750 593 miseritur,
767 525 817 598 qui
833 521 976 580 nobiseum
995 523 1037 582 cd

137 623 232 665 mm
246 602 385 661 barbaros
398 610 539 673 munem,
552 603 712 676 metipsi
723 621 775 660 aar
788 603 1046 677 mpagnwenmas,

135 685 191 743 illio
203 681 423 759 qmmmaubm.
467 678 531 754 Quo
544 679 629 760 sacto
641 677 702 740 rim
721 682 838 757 negotio,
858 698 942 756 qaam
954 681 1045 739 colae·

133 766 197 831 rial,
211 780 267 820 aaa
281 764 445 834 mart.

172 839 227 899 Vl.
252 839 375 898 Interim
390 836 496 897 accidit
509 837 562 895 illa
575 836 729 896 calamitae
742 837 819 914 apud
843 836 974 896 Leuctra
987 835 1045 896 La·
1068 879 1075 896 ,

133 918 339 977 mdaemoniis:
360 935 419 992 quo
431 934 469 974 ne
491 916 732 992 proficisceretur,
748 935 839 992 quum
860 935 878 974 a
901 916 1046 992 plerisque

133 997 168 1056 ad
182 995 355 1055 exeundum
369 1004 559 1072 premeretur,
574 1005 606 1052 ut
618 995 644 1052 si
658 993 694 1052 de
707 995 788 1052 exitu
801 994 951 1064 divinaret,
965 995 1046 1052 exire

134 1075 236 1133 noluit.
268 1073 360 1144 Idem,
374 1091 466 1149 quum
481 1072 697 1149 Epaminondas
711 1072 844 1150 Spartam
854 1083 1044 1150 oppugnaret,

134 1165 269 1230 essetque
292 1153 357 1210 sine
378 1151 472 1210 muris
495 1150 642 1228 oppidum,
665 1151 755 1210 talem
783 1171 814 1210 aa
842 1151 1045 1229 imperatorem

133 1233 268 1308 prebuit,
292 1240 325 1288 ut
348 1249 384 1288 eo
407 1239 535 1306 tempore
559 1230 693 1288 omnibus
715 1231 890 1307 apperuerit,
914 1229 970 1288 nisi
993 1227 1045 1288 ills

135 1308 248 1380 fuisset,
274 1309 408 1386 Spartam
433 1307 563 1366 futuram
584 1326 641 1365 non
664 1306 764 1368 fuisse.
804 1308 838 1367 ln
857 1327 915 1385 quo
928 1307 1045 1384 quidem
1066 1311 1085 1366 2

135 1388 306 1446 discrimine
329 1387 463 1446 celeritas
486 1386 552 1462 ejus
575 1387 689 1444 consilii
712 1387 800 1445 saluti
820 1385 876 1446 fuit
890 1388 1044 1445 universis.

137 1463 221 1522 Nam
234 1483 325 1542 quum
338 1465 454 1540 quidam
467 1464 684 1544 adolescentuli,
699 1465 823 1524 hostiurn
843 1465 970 1523 adventu
983 1482 1046 1540 per-

139 1545 246 1613 territi,
262 1543 299 1600 ad
312 1542 462 1602 Thebanos
475 1542 660 1620 transfugere
673 1543 791 1612 vellent,
805 1551 834 1601 et
854 1543 951 1602 locum
965 1552 1048 1600 extra

140 1622 244 1679 urbem
269 1621 375 1679 editum
395 1623 538 1699 cepissent
549 1641 559 1694 ;
586 1621 756 1699 Agesilaus,
768 1623 820 1698 qui
841 1621 1046 1699 pemicioeissi·

139 1717 220 1758 mum
245 1699 306 1758 foro
327 1699 483 1771 videret,ei
509 1701 744 1758 animadversum
766 1711 1047 1776 essetquamquam

137 1776 173 1834 ad
195 1779 292 1837 hostes
304 1778 487 1856 transfugere
501 1780 611 1849 conari,
626 1797 695 1838 oum
709 1779 771 1836 suis
791 1797 826 1837 eo
839 1780 927 1849 venit,
949 1788 1045 1854 atquc,

137 1865 169 1914 ut
188 1857 213 1914 si
235 1858 311 1916 bono
332 1858 428 1914 animo
452 1855 597 1928 fecissent,
611 1857 742 1916 laudavit
765 1858 919 1919 consilium
933 1875 1045 1926 eorum,

138 1935 211 2009 quod
225 1953 297 1994 eum
310 1936 408 1994 locum
421 1947 620 2013 occupassent,
635 1943 664 1994 et
685 1955 717 1994 se
736 1935 765 1993 id
785 1955 899 2013 quoque
913 1936 977 1994 fieri
996 1935 1044 1994 de·

139 2013 204 2071 bere
219 2013 471 2072 animadvertisse.
513 2015 564 2072 Sio
581 2014 808 2074 adolescentulos
821 2015 958 2074 simulata
981 2013 1044 2072 lau·
1066 2017 1083 2072 3

138 2089 247 2151 datione
259 2093 456 2169 recuperavit,
471 2102 500 2150 et
513 2093 657 2170 adjunctis
670 2093 705 2152 de
716 2094 778 2152 suis
786 2094 938 2152 comitibus
947 2093 1045 2152 locum

138 2178 229 2228 tutum
243 2170 374 2247 reliquit.
415 2171 552 2247 Namque
566 2172 618 2242 illi,
633 2183 718 2230 aucto
735 2191 857 2230 numero
870 2190 980 2239 eorum,
994 2171 1045 2247 qni

138 2259 267 2324 expertes
282 2259 367 2307 erant
381 2249 502 2321 consilii,
517 2269 696 2310 commovere
711 2269 743 2308 se
757 2269 814 2308 non
827 2260 894 2308 aunt
911 2251 984 2317 ausi,
999 2268 1044 2306 eo-

138 2345 191 2401 que
205 2328 355 2397 libentius,
366 2327 442 2404 quod
456 2329 547 2387 latare
561 2329 785 2398 arbitrabantur,
799 2346 908 2404 quaeco
929 2328 1044 2384 iterent.

175 2405 241 2465 Vll.
266 2406 338 2464 Sine
362 2405 450 2464 dubio
471 2417 534 2484 post
557 2407 745 2466 Leuctricam
766 2423 894 2482 pugnam
908 2347 1045 2462 Aoede.
1067 2409 1082 2462 1

139 2485 222 2542 monii
235 2505 271 2544 se
285 2503 446 2561 numquam
460 2485 634 2555 refecerunt,
649 2504 743 2560 neque
764 2484 918 2561 pristinum
931 2483 1045 2557 imperi-

140 2579 187 2618 um
200 2573 431 2640 recuperarunt:
452 2583 543 2640 quum
556 2564 672 2622 interim
687 2563 846 2640 Agesilaus
859 2579 917 2619 non
930 2560 1044 2630 destitit,

139 2641 370 2718 quibuscumque
397 2643 485 2700 rebus
512 2653 614 2718 posset,
642 2643 765 2718 patriam
789 2639 904 2716 jurare.
965 2639 1084 2698 Nemi

140 2735 225 2792 quum
252 2721 399 2798 praecipue
423 2719 637 2780 Lacedaemonii
657 2720 820 2798 indigerent
839 2719 972 2796 pecunia,
994 2718 1044 2776 ille

140 2799 279 2868 omnibus,
294 2800 345 2875 qui
359 2818 377 2856 a
390 2817 460 2876 rege
473 2798 648 2869 defecerant,
663 2798 795 2876 praesidio
815 2797 886 2856 fuit:
908 2799 1045 2874 aquibus
1080 2857 1083 2862 ,

142 2877 675 3032 lthtlttltttllhlthtt
688 2877 1044 3032 tlltthmlhtn?
1065 2880 1083 2934 ³

143 3047 174 3086 ra
186 3033 213 3090 ei
225 3034 265 3091 ab
278 3034 404 3112 regibus,
413 3044 443 3092 et
455 3034 593 3110 dynastis,
604 2997 826 3111 civitdtibuaque
835 3033 1044 3103 conferrentur,

144 3109 214 3181 quod
226 3112 299 3170 nihil
314 3131 453 3188 umquam
474 3111 531 3191 [in]
545 3113 662 3171 domum
682 3131 765 3171 auam
779 3113 908 3182 contulit,
923 3113 995 3169 nihil
1009 3109 1045 3169 de

146 3185 227 3260 victu,
242 3189 315 3248 nihil
329 3190 365 3248 de
379 3191 484 3249 vestitu
498 3189 649 3250 Laconum
664 3191 794 3248 mutavit.
837 3189 929 3248 Domo
943 3189 1044 3248 eadem
1064 3194 1082 3249 l

148 3260 196 3321 luit
217 3277 378 3339 contentus,
402 3287 462 3345 qua
480 3269 690 3344 Borysthenes,
713 3269 877 3347 progenitor
901 3269 1044 3344 majorum

147 3358 266 3415 suorum,
278 3345 372 3405 fuerat
385 3366 473 3405 usus:
501 3366 589 3422 quam
602 3348 653 3423 qui
666 3348 796 3417 intrarat,
806 3347 921 3406 nullum
929 3349 1044 3424 signum

147 3413 273 3508 libidinis,
288 3424 403 3482 nullum
416 3425 543 3483 luxuriae
555 3425 653 3483 videre
667 3434 797 3501 poterat3
820 3437 920 3484 contra
933 3445 968 3483 ea
982 3425 1044 3501 plu·

149 3510 216 3555 rnna
238 3502 382 3577 petientiae
403 3512 491 3578 atque
516 3503 704 3562 abstinentiae.
745 3503 796 3563 Sic
819 3506 896 3562 enim
918 3513 980 3562 erat
1002 3503 1044 3558 in·

147 3579 258 3664 structa,
284 3580 420 3638 utnulla
443 3581 474 3638 in
500 3598 532 3640 ra
555 3580 683 3642 differret
702 3582 834 3660 cujusvis
852 3583 945 3659 inopis
958 3589 1045 3654 atque

167 3656 255 3714 need.

150 3665 167 3724 1³
185 3727 264 3794 Vm.
289 3735 389 3813 Atque
413 3737 461 3797 hio
481 3747 578 3800 tantus
601 3739 659 3811 vir,
680 3748 714 3798 ut
736 3747 871 3798 naturam
893 3734 1047 3796 fautricem
1068 3739 1081 3796 l
