2692 4306
280 412 323 470 '16
470 400 592 466 XVIII
635 410 665 476 6,
679 409 710 476 i,
724 407 754 463 8.
800 399 995 484 (Eumenes.)

202 561 208 570 '
278 557 348 614 dum
360 555 397 614 de
410 555 621 614 conditionibus
639 563 754 624 traam,
768 551 913 631 prefectis
933 553 1077 631 Antigoni
1098 553 1186 632 impo.

277 637 345 704 suit,
359 653 449 710 seque
463 653 499 692 ac
512 651 581 691 suos
593 651 693 691 omnes
706 634 832 691 extraxit
844 633 1017 690 incolumes.

240 720 254 774 l
317 714 372 772 Vl.
394 712 444 770 Ad
457 713 537 770 bunc
550 713 713 788 Olympias,
722 722 895 786 materque
909 710 1005 769 dierat
1013 711 1189 783 Alexandri,

277 811 369 869 quum
382 792 494 850 litteras
506 802 536 849 et
556 793 672 850 nuntios
692 792 817 848 misisset
835 793 867 846 in
881 791 997 860 Asiam,
1010 791 1190 861 consultum,

278 882 376 930 utrum
384 872 538 946 repetitum
552 870 754 928 Macedoniam
761 870 874 927 veniret
887 868 971 946 (narn
981 879 1044 926 tum
1055 871 1086 926 in
1097 869 1191 946 Epiro

239 957 257 1010 2
278 949 440 1028 habitabat)
454 959 484 1008 et
505 969 556 1006 eas
569 969 617 1006 res
629 959 802 1025 occuparet:
823 949 894 1005 huic
914 949 965 1004 ille
980 949 1107 1024 primum
1121 967 1190 1006 sua-

277 1031 323 1099 sit,
337 1048 375 1086 ne
388 1048 420 1086 se
434 1039 572 1098 moveret,
583 1039 612 1085 et
625 1037 815 1104 exspectaret,
828 1026 925 1103 quoad
939 1027 1100 1084 Alexandri
1108 1027 1192 1086 filius

278 1127 402 1184 regnum
416 1107 646 1183 adipiaeeretur3
667 1107 713 1164 sin
735 1107 836 1182 aliqua
855 1106 1014 1182 cupiditate
1035 1116 1192 1182 raperetur

278 1187 309 1243 in
330 1185 542 1254 Macedoniam,
563 1187 693 1243 omnium
710 1186 885 1261 injuriarum
904 1185 1138 1254 oblivisceretur,
1159 1195 1192 1243 et

238 1266 309 1323 din
327 1266 475 1322 neminem
496 1265 645 1322 acerbiore
670 1274 801 1321 uteretur
824 1264 956 1339 imperio.
998 1263 1115 1321 Horum
1136 1264 1192 1321 illa

277 1345 349 1401 nihil
365 1343 444 1401 lecit.
485 1343 565 1401 Nam
586 1353 615 1400 et
629 1344 660 1400 in
674 1341 875 1400 ldaoedcnianr
892 1341 1022 1418 prosecta
1036 1351 1089 1412 est,
1104 1353 1134 1400 et
1147 1343 1192 1400 ibi

277 1423 480 1480 crudeliaeime
489 1443 523 1480 se
535 1424 635 1498 gemit.
677 1421 762 1479 Petiit
776 1431 875 1479 autem
885 1422 923 1477 ab
936 1421 1072 1478 Eumene
1084 1422 1191 1478 absen-

278 1511 317 1570 te,
330 1521 368 1560 ne
382 1512 538 1579 pateretur,
550 1501 675 1578 Philippi
685 1500 787 1557 domus
800 1511 830 1557 et
843 1499 963 1560 sauriiae
972 1501 1193 1558 inimicissimos

278 1582 397 1658 stirpem
416 1599 533 1658 quoque
553 1581 729 1648 interimere,
744 1578 890 1653 ferretque
903 1597 988 1654 opem
1008 1579 1109 1635 liberis
1133 1579 1192 1636 Al·

120 1713 128 1728 ,
239 1661 411 1718 4θιαιιάῐί.
451 1660 551 1726 Quam
565 1659 721 1716 reniamsi
740 1658 831 1727 daret,
845 1677 935 1732 quam
957 1659 1084 1733 primum
1102 1677 1191 1714 exer·

277 1740 355 1795 citus
367 1749 493 1816 pararet,
507 1757 580 1814 quos
593 1738 648 1794 sibi
668 1737 796 1794 subsidio
816 1737 984 1793 adduceret.
1026 1735 1059 1793 ld
1072 1755 1132 1812 quo
1146 1736 1191 1794 fa-

278 1817 366 1873 cilius
379 1816 497 1884 laceret,
512 1835 544 1873 se
558 1817 691 1873 omnibus
704 1815 857 1892 praefectis,
871 1816 967 1891 quiin
980 1814 1075 1872 officio
1089 1834 1191 1874 mane-

279 1896 357 1963 bant,
371 1895 484 1952 misisoe
508 1895 629 1963 litteras,
644 1905 677 1951 ut
700 1895 728 1950 ei
748 1905 892 1970 parerent,
913 1894 1036 1970 ejusque
1057 1896 1193 1952 consiliis
1259 1899 1263 1906 '

239 1977 258 2030 5
279 1983 439 2030 uterentur.
481 1971 538 2029 His
551 1973 639 2030 rebus
658 1972 808 2030 Eumenes
828 1984 975 2048 permotus
988 1974 1081 2030 satius
1094 1973 1191 2044 duxit,

278 2053 303 2109 si
327 2053 368 2108 ita
387 2051 502 2110 tulisset
522 2050 647 2120 fortuna,
668 2053 763 2128 perire
787 2052 861 2108 bene
885 2053 996 2110 meritis
1014 2051 1192 2111 referentem
1295 2065 1301 2076 ’

278 2131 413 2208 gratiam,
424 2147 512 2205 quam
526 2131 674 2206 ingratum
688 2131 798 2187 vivere.

241 2213 256 2266 1
318 2208 387 2266 Vll.
409 2207 511 2284 Itaque
525 2209 624 2285 copias
644 2210 798 2278 contraxit,
813 2209 924 2266 bellum
945 2209 1086 2268 adversus
1101 2211 1192 2268 Anti-

279 2307 388 2366 genum
401 2289 590 2364 comparavit.
630 2288 717 2354 Quod
732 2307 792 2345 una
810 2299 893 2346 erant
915 2288 1090 2346 Macedones
1110 2309 1192 2347 com-

279 2368 379 2444 plures
401 2369 521 2438 nobiles‚
545 2369 577 2424 in
601 2368 648 2424 his
671 2367 836 2436 Peucestes,
860 2369 911 2442 qui
938 2369 1067 2443 corporis
1090 2379 1193 2426 custos

280 2446 376 2505 luerat
400 2447 572 2517 Alexandri,
596 2457 660 2504 tum
684 2457 782 2504 autem
803 2447 949 2504 obtinebat
973 2447 1132 2518 Persidem,
1161 2457 1193 2506 et

280 2527 451 2602 Antigenes,
463 2528 551 2603 cujus
563 2528 619 2584 sub
628 2527 750 2603 imperio
760 2526 887 2602 phalanx
897 2536 960 2583 erat
975 2525 1191 2584 Maoedonum:

280 2606 419 2662 invidiam
430 2625 543 2675 verens,
557 2625 647 2681 quam
660 2617 757 2663 tamen
771 2605 900 2680 effugere
914 2623 970 2662 non
986 2607 1086 2680 potuit,
1100 2606 1126 2662 si
1140 2624 1192 2681 po-

279 2685 338 2740 tius
351 2685 413 2759 ipse
427 2685 592 2761 alienigena
606 2685 713 2741 summi
732 2685 846 2760 imperii
865 2684 1013 2759 potiretur,
1027 2703 1117 2759 quam
1138 2684 1192 2742 alii

241 2768 260 2820 2
281 2761 484 2831 Macedonum,
506 2781 631 2838 quorum
655 2764 695 2819 ibi
718 2775 782 2820 erat
800 2761 962 2832 multitudo,
983 2763 1014 2818 in
1038 2763 1192 2839 principiis

280 2840 394 2896 nomine
406 2840 569 2897 Alexandri
582 2843 682 2898 statuit
694 2841 926 2911 tabernaculum,
936 2843 966 2897 in
976 2861 1069 2918 eoque
1083 2843 1191 2900 sellam

281 2937 400 2975 auream
424 2938 493 2976 curn
515 2929 629 2996 sceptro
653 2939 689 2977 ac
713 2920 876 2977 diademate
895 2921 983 2996 jussit
1006 2921 1082 2997 poni,
1097 2940 1191 2996 eoque

279 3016 380 3054 omnes
398 2997 524 3074 quotidie
538 3000 703 3069 convenire,
719 3009 751 3056 ut
771 3000 811 3055 ibi
825 3000 861 3056 de
875 3000 997 3057 summis
1016 3001 1105 3057 rebus
1121 3019 1189 3058 con-

280 3075 347 3133 silia
370 3087 564 3152 caperentur3
591 3077 722 3147 credens,
743 3079 854 3136 minore
877 3097 909 3136 se
934 3078 1044 3136 invidia
1068 3078 1139 3148 sore,
1165 3080 1191 3137 si

280 3155 377 3229 speeie
391 3156 503 3232 imperii
519 3157 699 3233 nominisque
707 3157 890 3214 simulatione
902 3157 1065 3214 Alexandri
1079 3157 1190 3215 bellum

242 3233 428 3292 drideretur
452 3235 663 3294 administrare.
714 3237 800 3302 Quod
824 3246 854 3293 et
878 3235 957 3294 fecit.
997 3237 1078 3294 Nam
1098 3256 1189 3314 quum

280 3330 337 3369 non
355 3313 390 3369 ad
414 3314 556 3372 Eumenis
576 3317 728 3392 principia,
743 3315 793 3372 sed
815 3315 851 3373 ad
872 3317 953 3392 regia
973 3318 1189 3386 conveniretur,

282 3401 369 3465 atque
383 3393 423 3448 ibi
447 3393 482 3450 dc
503 3395 590 3450 rebus
610 3395 829 3464 deliberaretur,
843 3395 1052 3470 quodammode
1072 3395 1189 3464 latebat,

280 3489 371 3547 quum
385 3481 482 3529 tamen
497 3491 549 3548 per
562 3493 629 3530 eum
645 3493 736 3531 unum
750 3485 921 3550 gererentur
933 3476 1041 3532 omnia.

244 3556 257 3610 l
321 3549 402 3608 Vlll.
426 3550 535 3608 Hicin
557 3551 713 3610 Paraetacis
727 3572 795 3610 cum
817 3554 965 3629 Antigono
979 3555 1118 3624 conflixit,
1133 3571 1187 3610 non

281 3630 345 3686 acie
366 3631 517 3699 instructa,
532 3631 583 3688 sed
604 3633 634 3688 in
648 3633 769 3689 itinere:
791 3651 917 3708 eumque
939 3632 1016 3690 male
1037 3643 1188 3708 acceptum

281 3707 311 3762 in
336 3707 465 3766 Mediam
479 3709 638 3767 hiematum
663 3713 757 3788 coegit
781 3711 887 3768 redire.
930 3711 995 3788 lpse
1016 3712 1047 3768 in
1067 3712 1188 3768 finitima

282 3787 399 3862 regione
420 3787 547 3846 Persidis
564 3789 723 3846 hiematum
739 3791 837 3866 copias
850 3789 956 3860 divisit,
970 3809 1029 3847 non
1044 3799 1076 3848 ut
1089 3790 1190 3849 voluit.
