2692 4306
225 327 264 386 ro
497 322 523 386 1.
547 330 577 396 2,
593 329 622 386 e.
669 320 867 403 (Militares.)
929 391 933 398 ,

182 465 346 527 Aluturass
366 427 433 528 Hdc
457 469 567 528 oraculi
591 436 732 545 respdnso
757 469 906 528 Miltiades
926 488 992 526 cum
1010 468 1124 544 delecta

221 531 307 604 mdnu
324 530 421 605 clasbe
436 547 655 606 Chersonesum
675 547 926 648 prolectuscquum
948 539 1125 606 accessisset

223 626 372 696 Lemnum,
385 636 414 684 et
424 626 536 684 incolas
548 627 611 703 ejus
623 627 726 684 insulae
740 629 793 684 sub
806 637 980 702 potestatem
992 627 1126 703 redigere

221 706 313 762 vellet
326 705 558 776 Atheniensium,
573 705 659 780 idque
675 705 790 764 Lemnii
805 725 857 763 sua
871 717 973 782 sponte
988 704 1153 782 fecerent!

183 788 201 840 5
222 785 415 868 postulasset:
438 784 482 841 illi
496 784 650 870 irridenter
664 785 882 860 responderunt,
896 795 957 841 tum
970 774 1048 874 ild&
1068 784 1126 842 fac-

222 865 311 933 tores,
325 882 412 937 quum
427 863 489 933 ille,
503 863 587 921 domo
600 863 723 921 navibus
742 864 932 940 proficiscens
946 873 1035 920 vento
1049 864 1127 938 aqui·

222 941 299 1010 lone,
314 942 446 999 venisset
465 942 616 1000 Lemnum.
658 942 717 1000 Hie
738 943 816 1000 enim
828 953 942 1013 ventus,
957 944 992 998 ab
1012 953 1128 1018 septen-

222 1020 361 1078 trionibus
380 1021 487 1092 oriens,
506 1021 659 1078 adversum
676 1031 757 1078 tenet
775 1021 899 1079 Athenis
918 1021 1127 1098 proficiscenti·

184 1102 202 1157 6
223 1100 287 1156 bus.
328 1099 488 1170 Miltiades,
510 1100 640 1158 morandi
661 1110 775 1176 tempus
797 1119 855 1158 non
876 1099 998 1170 hebens,
1013 1119 1128 1157 cursum

223 1177 337 1248 direxit,
352 1197 408 1252 quo
422 1179 566 1250 tendebat,
580 1179 769 1256 pervenitque
785 1163 1034 1238 Chersonesum'

186 1259 201 1314 1
263 1257 304 1314 ΙΙ.
326 1257 372 1315 Ibi
382 1257 463 1314 brevi
473 1267 602 1334 tempore
616 1259 801 1315 barbarorum
811 1257 905 1334 copiis
917 1259 1059 1334 disjectis,
1069 1267 1128 1316 toto

223 1335 352 1411 regione,
361 1355 446 1410 quarn
456 1336 587 1412 petierat,
595 1337 712 1412 potitus,
723 1338 790 1395 loce
798 1338 928 1395 castellis
937 1337 1044 1394 idonea
1052 1355 1129 1394 com·

222 1413 351 1485 munivit,
373 1415 593 1486 multitudinem,
618 1435 703 1490 quam
726 1435 828 1474 secum
848 1417 977 1486 duxerat,
998 1416 1029 1473 in
1050 1415 1127 1492 agris

184 1497 203 1550 2
225 1493 388 1564 collocavit,
398 1493 564 1570 crebrisque
574 1495 794 1552 excursionibus
805 1494 1002 1570 locupletavit.
1024 1495 1129 1569 Neque

223 1572 318 1630 miuus
338 1573 370 1630 in
390 1592 426 1630 ea
443 1591 475 1630 re
497 1574 657 1650 prudentia,
671 1593 756 1650 quam
777 1575 926 1645 felicitate,
941 1575 1053 1650 adjutus
1074 1583 1128 1630 est.

224 1651 301 1708 Nem
315 1670 402 1726 quum
411 1652 515 1710 virtute
528 1653 651 1710 militum
663 1653 789 1710 hostium
800 1653 959 1710 devicisset
973 1652 1129 1721 exercitus,

224 1748 335 1786 summa
346 1731 477 1804 aequitete
489 1751 536 1788 res
548 1732 704 1802 constituit,
716 1743 799 1805 atque
814 1732 878 1806 ipse
894 1731 1001 1820 ibidem
1011 1749 1128 1787 manere

185 1811 203 1865 3
224 1808 392 1890 decrevist,
406 1809 479 1879 Erat
492 1809 570 1866 enim
584 1811 725 1884 intereos
740 1795 879 1884 digriitate
894 1827 984 1884 regie,
998 1809 1128 1882 quamvis

225 1888 342 1943 carebat
354 1882 489 1956 nomine3
510 1906 605 1962 neque
616 1879 753 1963 id'magis
767 1888 994 1964 impe110,quam
1008 1886 1129 1964 justitia,

225 1976 411 2022 consecutus.
452 1966 557 2040 Neque
573 1984 608 2024 eo
627 1966 727 2024 secius
742 1967 980 2055 Atheniensibus,
995 1967 1129 2040 equibus

225 2054 287 2101 eret
304 2044 461 2119 profectus,
475 2045 570 2102 officia
589 2047 750 2122 prestabat.
793 2047 906 2112 Quibus
927 2047 1013 2103 rebus
1033 2047 1129 2117 fiebat,

224 2133 326 2180 utnon
344 2123 438 2181 minus
457 2142 556 2182 eorum
570 2125 714 2182 volrmtate
735 2136 874 2201 perpetuo
893 2125 1045 2202 imperium
1058 2125 1130 2182 obti-

224 2214 316 2272 neret,
330 2203 380 2278 qui
392 2203 540 2274 miserant,
554 2223 640 2278 quam
653 2205 775 2275 illorum,
790 2223 857 2261 oum
870 2205 973 2278 quibus
988 2215 1050 2262 erat
1064 2223 1130 2280 pro·

186 2284 205 2339 t
225 2281 329 2340 sectus.
352 2281 540 2341 Chersoneso
550 2283 601 2340 tali
611 2283 696 2340 modo
708 2283 870 2355 constitute,
881 2284 1023 2342 Lemnum
1033 2303 1130 2341 rever·

225 2361 349 2432 titurpet
365 2381 404 2420 ex
424 2343 510 2438 pacho
530 2363 664 2438 postulet,
678 2373 709 2420 ut
729 2363 785 2420 sibi
801 2365 901 2420 urbem
918 2354 1052 2420 tradant.''
1081 2361 1130 2421 Illi

225 2439 304 2498 enim
324 2441 465 2513 dixerant,
485 2452 683 2519 quum,·vento
703 2443 792 2500 borea
812 2443 896 2500 domo
916 2441 1072 2520 profectus,
1094 2460 1130 2498 eo

225 2521 417 2596 pervenisset,
426 2541 495 2580 sese
504 2507 666 2592 dedituios3
682 2541 715 2580 se
725 2521 943 2580 autemdomum
950 2519 1130 2580 Chersonesi

187 2603 205 2655 5
226 2597 345 2656 habere.
387 2601 490 2671 Cares,
504 2601 553 2675 qui
567 2612 627 2658 tum
641 2601 783 2658 Lemnum
795 2602 970 2672 incolebant,
985 2599 1041 2658 etsi
1059 2619 1131 2676 prae·

226 2687 271 2734 ter
297 2678 463 2753 opinionem
489 2698 538 2736 res
566 2680 723 2750 ceciderat,
746 2691 852 2752 tamen,
879 2699 941 2754 non
964 2679 1052 2749 dicto,
1077 2679 1131 2736 sed

227 2756 357 2814 secunda
375 2757 486 2830 fortuna
500 2757 729 2815 adversariorum
742 2759 828 2834 capti,
842 2739 980 2816 resisteie
995 2759 1059 2815 ausi
1072 2775 1131 2816 non

227 2845 293 2894 sunt
304 2846 387 2911 atque
399 2854 437 2893 ex
447 2836 543 2893 insula
553 2837 756 2913 demigrarunt.
786 2837 854 2894 Pari
865 2837 1004 2894 felicitate
1017 2845 1130 2893 ceteras

227 2915 348 2985 insulas,
369 2934 433 2992 que
454 2915 601 2992 Cyclades
624 2915 815 2985 nominantur,
834 2916 887 2972 sub
906 2913 1131 2972 Atheniensium

227 2993 340 3070 redegit
355 3004 535 3072 potestatem.

191 3079 205 3134 l
248 3073 305 3132 ΙΙΙ.
347 3073 471 3132 Eisdem
493 3073 670 3150 temporibus
696 3074 851 3132 Persarum
874 3091 926 3130 rex
951 3071 1068 3144 Darius,
1094 3091 1131 3131 ex

249 3187 286 3227 su
348 3153 422 3211 Asia
447 3153 478 3210 in
511 3153 659 3228 Europam
692 3153 823 3210 exercitu
852 3153 981 3229 trajecto,
1010 3153 1130 3228 Scythis

226 3248 246 3278 ⁸·
255 3238 279 3277 0·
288 3246 310 3277 1²·-
347 3233 455 3290 bellum
468 3231 574 3289 inferre
589 3231 728 3311 decrevit,
738 3264 749 3288 ι.
764 3233 887 3290 Pontem
900 3231 971 3289 fecit
984 3231 1014 3289 in
1029 3232 1131 3290 Histro

227 3313 354 3382 flumine,
382 3331 439 3387 qua
469 3311 568 3388 copias
601 3311 774 3369 traduceret.
826 3312 900 3389 Ejus
927 3311 1033 3388 pontis,
1064 3311 1132 3370 dum

228 3392 293 3469 ipse
315 3393 441 3461 abesset,
463 3390 600 3448 custodes
622 3389 739 3466 reliquit
759 3391 918 3468 principes,
935 3409 1007 3466 quos
1030 3409 1132 3447 secum

169 3511 172 3518 -
229 3489 267 3529 ex
287 3471 371 3530 Ionis
391 3480 420 3528 et
433 3470 553 3527 AEolide
574 3469 712 3540 duxerat3
734 3471 837 3545 quibus
859 3471 983 3546 singulis
1003 3469 1131 3546 ipserum

189 3555 208 3610 2
229 3551 341 3609 urbium
359 3560 500 3626 perpetua
513 3549 633 3606 dederat
648 3549 806 3626 imperis:-
822 3550 873 3608 Sic
895 3549 973 3607 enim
992 3549 1130 3606 facillime

228 3629 339 3707 putarit
362 3649 395 3688 se
422 3628 526 3686 Graece
549 3629 648 3705 lingue
670 3629 833 3704 loquentes,
855 3629 905 3704 qui
927 3629 1029 3686 Asiam
1052 3627 1132 3684 inco·

228 3709 330 3781 lerent,
355 3711 408 3768 sub
432 3727 486 3766 sua
512 3719 688 3766 retenturum
714 3720 866 3786 potestate,
892 3709 918 3766 si
943 3707 1045 3764 amicis
1070 3706 1131 3764 suis
