2692 4306
269 357 311 416 ³4
409 361 411 366 ·
503 348 933 431 vr1.s‚o.(nnuaoa.)

265 516 358 568 mans,
381 496 564 554 barbarorum
580 495 677 571 prada
697 495 876 571 locupletari,
898 513 984 570 quam
1005 494 1166 555 Graiorum.

227 581 246 634 5
267 577 333 643 Qua
348 592 429 632 exre
444 584 576 631 creverat
587 592 674 648 quum
687 573 771 643 lami,
784 584 844 632 nun
857 573 969 648 opibus,
977 592 1167 650 magnamque

266 651 1167 728 amicitiamsibicumquibusdamregibusThracioepepererat.

230 737 243 790 l
306 732 392 790 VIII.
420 731 524 806 Neque
532 741 629 788 tamen
642 749 660 786 a
673 729 792 787 caritate
805 729 1003 806 putrirepotuit
1016 732 1166 792 recedere.

267 811 343 868 Nam
351 828 437 885 quum
450 809 526 886 apud
539 809 634 884 AEgos
648 809 755 866 flumen
769 807 928 879 Philocles,
936 819 1039 884 pretor
1047 809 1168 868 Atheni·

172 909 175 915 ’
267 889 388 956 ensium,
398 887 524 945 classem
534 887 733 944 constituisset
745 905 836 957 suam,
846 906 941 962 neque
952 888 1038 964 longe
1050 889 1168 947 abesset

267 967 428 1042 Lysander,
441 975 543 1040 praetor
557 964 849 1035 Lacedaemoniorurn,
857 966 906 1040 qui
919 966 1067 1024 inecaret
1081 985 1168 1026 occu-

265 1056 358 1125 patus,
371 1054 402 1101 ut
424 1044 631 1120 bellumquam
656 1043 817 1100 diutissime
841 1043 969 1114 duceret,
993 1045 1069 1119 quod
1092 1046 1167 1120 ipsis

265 1123 391 1200 pecunia
414 1142 432 1180 a
455 1141 525 1198 rege
550 1121 791 1198 suppeditabatur,
816 1132 915 1179 contra
939 1122 1167 1182 Atheniensibus

227 1208 244 1260 2
267 1201 415 1258 exhaustis
435 1211 537 1276 praeter
551 1219 630 1257 arma
644 1210 673 1257 et
686 1218 777 1257 naves
791 1199 865 1258 nihil
879 1211 940 1258 erat
960 1219 1064 1277 super:
1087 1203 1167 1260 Alci·

265 1280 366 1338 biades
375 1280 411 1337 ad
420 1279 578 1337 exercitum
585 1279 665 1336 venit
674 1278 904 1349 Atheniensium,
912 1279 1008 1354 ibique
1022 1291 1166 1356 presente

265 1359 351 1434 vulgo
365 1377 452 1434 agere
467 1357 562 1432 cepit,
577 1357 603 1414 si
616 1359 733 1428 vellent,
748 1377 781 1414 se
800 1366 965 1415 coacturum
985 1358 1167 1434 Lysandrum

266 1447 314 1494 aut
322 1437 468 1506 dimicare,
480 1447 528 1493 aut
537 1455 640 1511 pacem
652 1446 770 1512 petere:
793 1435 1029 1495 Lacedaemonios
1041 1456 1077 1495 eo
1087 1439 1166 1496 nolle

266 1516 422 1591 confligere
444 1515 648 1588 classe,.·quod
670 1515 852 1590 pedestribus
877 1515 970 1591 copiis
992 1516 1067 1590 plus,
1081 1535 1166 1592 quam

228 1599 244 1654 3
264 1595 548 1664 navibus,valerent;
567 1593 624 1651 sibi
632 1605 727 1652 autem
735 1612 802 1651 esse
812 1593 908 1664 facile,
918 1594 1057 1665 Seuthen,
1065 1613 1166 1672 regern

265 1673 420 1742 Thracum,
435 1672 588 1742 deducere,
602 1681 634 1729 ut
654 1690 705 1728 eos
725 1682 801 1728 terra
821 1672 997 1748 depelleret:
1019 1692 1075 1748 quo
1088 1674 1166 1731 facto

264 1751 433 1808 necessario
442 1761 489 1806 aut
498 1751 593 1807 classe
603 1749 795 1820 conflicturus,
810 1761 858 1806 aut
871 1752 979 1809 bellum
994 1753 1166 1828 compositu·
1244 1764 1246 1767 ’

226 1834 323 1886 tros.
372 1829 407 1886 id
431 1829 486 1884 etsi
509 1847 578 1885 rere
606 1828 713 1884 dictum
740 1828 888 1886 Phildcles
914 1829 1165 1900 animadvertebat,

264 1917 361 1963 tamen
373 1906 516 1982 postulata
529 1905 625 1963 lacere
645 1907 745 1976 noluit,
759 1907 834 1981 quod
854 1909 1006 1980 sentiebat,
1020 1928 1063 1979 se,
1084 1910 1165 1966 Alci-

264 1985 349 2042 biade
363 1987 491 2059 recepto',
504 1984 610 2041 nullius
621 1985 757 2041 momenti
771 1985 847 2060 apud
860 1987 1019 2045 exercitum
1032 1987 1164 2058 futurum,

266 2073 303 2133 et,
312 2063 414 2138 siquid
425 2063 546 2119 secundi
556 2063 711 2132 evenisset,
720 2063 865 2121 nullamin
874 2084 910 2122 ea
922 2085 954 2122 re
965 2077 1164 2142 suampartetn

265 2141 343 2212 fore;
366 2152 466 2198 contra
479 2160 524 2211 ea,
533 2141 559 2198 si
572 2140 641 2215 quid
655 2141 768 2198 adversi
782 2143 947 2214 accidisset,
957 2163 990 2202 se
1004 2164 1092 2202 unum
1100 2147 1163 2221 ejus

226 2227 244 2278 5
265 2220 364 2277 delicti
388 2219 510 2277 futurum
536 2239 626 2276 reum.
668 2221 712 2276 Ab
737 2219 793 2278 hoo
814 2221 970 2280 discedens
985 2224 1163 2294 Alcibiades,

264 2301 399 2374 quoniam,
423 2298 522 2373 inquit,
547 2301 665 2356 victorio
681 2302 779 2376 patrie
801 2321 949 2377 repugnas,
970 2303 1040 2359 illud
1062 2323 1164 2373 moneo,

258 2379 343 2452 juata
365 2379 468 2436 hostem
481 2388 575 2435 costra
598 2379 700 2436 habeas
716 2381 846 2436 nautico:
862 2381 1015 2456 perieulum
1028 2392 1070 2438 est
1083 2384 1164 2452 enim,

264 2477 297 2514 ne
311 2457 481 2514 immodestia
494 2458 611 2514 militum
624 2469 780 2514 nostrorum
800 2461 905 2516 occasio
919 2459 999 2516 detor
1012 2459 1163 2536 Lysandro

264 2537 354 2593 nostri
366 2536 534 2612 opprimendi
547 2538 691 2593 accercitus.
732 2537 835 2611 Neque
847 2557 883 2593 ea
891 2555 941 2594 ‘res
955 2537 1036 2595 illum
1049 2538 1162 2596 fefellit.

225 2617 243 2671 6
264 2615 341 2672 Nam
365 2613 525 2689 Lysander,
549 2633 636 2688 quum
661 2633 714 2690 per
740 2617 936 2690 speculatores
964 2617 1163 2693 comperisset,

263 2692 381 2766 vulgum
402 2691 624 2750 Atheniensium
644 2693 674 2750 in
697 2704 801 2750 terram
824 2695 978 2769 praedatum
992 2696 1099 2766 exisse,
1112 2715 1163 2752 na·

262 2788 371 2844 vesque
395 2788 477 2844 paene
501 2771 603 2827 inanes
624 2771 751 2842 relictas,
764 2783 876 2847 tempus
898 2774 941 2830 rei
958 2773 1091 2849 gerendoe
1104 2792 1163 2832 non

264 2847 380 2918 dimisit,
395 2866 486 2922 ecque
500 2847 608 2922 impetu
621 2858 709 2931 tqtum
723 2850 830 2907 bellurn
841 2851 960 2908 delevit.

225 2931 238 2983 l
302 2925 357 2985 IX.
398 2927 437 2982 At
459 2925 637 2995 Alcibiades,
657 2927 743 2984 victis
767 2927 993 2987 Atheniensibus
1015 2949 1073 2991 nou
1091 2931 1162 2990 satis

262 3015 322 3063 tuta
336 3004 439 3062 eadem
451 3004 517 3061 loca
530 3003 586 3062 sibi
600 3006 759 3075 arbitratus,
773 3007 887 3082 penitus
908 3009 939 3066 iu
959 3009 1115 3066 Thraciam
1128 3029 1162 3068 se
1184 3068 1189 3078 ,

263 3102 349 3159 supra
369 3082 573 3157 Propontidem
587 3083 848 3159 abdiditsperans,
862 3086 903 3142 ibi
923 3087 1061 3145 facillime
1082 3107 1164 3146 suam

223 3168 241 3220 2
263 3161 403 3220 fortunam
416 3161 511 3218 occuli
524 3179 623 3236 posse.
645 3162 743 3219 Falso.
757 3163 842 3248 ¹Nam
856 3165 998 3236 Thraces,
1012 3177 1163 3240 postquam
1189 3225 1191 3233 ,

263 3259 329 3298 eum
337 3257 403 3296 cunr
410 3240 645 3315 magnapecunia
654 3241 772 3298 venisse
784 3245 945 3314 senserunt,
954 3245 1075 3302 insidias
1084 3245 1163 3303 feee-

262 3327 343 3375 nrnt:
365 3318 414 3392 qui
428 3337 473 3388 ea,
486 3337 548 3392 quae
562 3329 732 3394 apportarat,
747 3321 932 3392 abstulerunt,
947 3323 1042 3396 ipsum
1058 3341 1162 3398 capere
1196 3368 1198 3371 v

226 3401 241 3455 d
261 3414 319 3453 non
338 3406 498 3470 potuerunt.
540 3397 594 3454 Ille
609 3415 743 3468 cernens,
756 3399 865 3456 nullum
886 3399 983 3457 locum
1004 3401 1061 3458 sibi
1074 3412 1164 3460 tutum
1230 3458 1231 3461 ,

172 3527 174 3532 ,
261 3474 293 3531 in
322 3473 436 3530 Graecia
469 3485 584 3550 propter
610 3476 769 3550 potentiam
802 3476 1095 3548 Lacedaemoniorum,
1126 3479 1163 3536 ad

262 3552 479 3612 Pharnabazum
492 3553 521 3609 in
536 3553 637 3610 Asiam
649 3554 780 3611 transiit:
802 3574 887 3628 quem
900 3556 1016 3628 quidem
1024 3557 1097 3614 adeo
1111 3577 1162 3615 suu

262 3631 340 3704 cepit
352 3630 536 3700 humanitate,
550 3641 580 3688 ut
600 3651 666 3688 eum
678 3649 764 3688 nemo
777 3633 809 3689 in
822 3633 948 3690 amicitia
968 3635 1162 3692 antecederet.

262 3707 393 3783 Namque
404 3709 430 3764 ei
447 3709 586 3766 Gruniurn
600 3709 719 3766 dederat
732 3709 763 3766 in
776 3709 905 3785 Phrygia
914 3721 1048 3780 castrum,
1063 3729 1164 3788 exque
1195 3771 1200 3782 ,
