2692 4306
278 405 321 464 ro
519 395 625 460 xvu.
669 403 698 458 s.
746 390 954 477 (metuo.)

275 549 415 626 ephorum
425 549 526 620 missu,
535 547 647 607 bellurn
660 545 856 606 Athenienses
863 553 892 604 et
905 543 1034 604 Boeotios
1046 542 1191 606 indixit

145 695 147 700 ,
236 625 523 687 atmodemontis:
543 645 636 704 quare
649 627 799 684 venirene
812 623 969 682 dubitaret.
1012 621 1046 682 ln
1060 623 1115 682 hoc
1128 641 1190 684 uon

275 708 372 764 minue
385 706 450 782 ejus
463 707 556 784 pietas
568 704 754 783 suspicienda
767 712 820 773 est,
835 721 924 779 quam
944 702 1038 760 virtus
1062 701 1189 764 bellica:

273 781 1189 942 tiittttlltiffltttiifflttltttlt

929 900 937 929 i

273 940 350 1002 dicto
364 942 486 1000 audiam
500 941 555 1002 {uit
572 943 663 1021 jussis
677 941 839 1000 absentium
859 940 1092 1015 magistratuum,
1107 949 1140 998 ut
1160 941 1189 1000 si

274 1021 404 1096 privatus
417 1021 448 1078 in
462 1022 579 1080 comitio
591 1031 666 1080 esset
679 1020 802 1097 Spartae.
844 1018 939 1094 Cujus
949 1017 1116 1093 exemplum
1131 1020 1188 1076 uti.

273 1116 343 1155 nam
355 1099 544 1177 imperatores
557 1101 647 1158 nostri
660 1100 744 1176 sequi
762 1095 940 1156 voluissent!
981 1095 1040 1154 Sed
1053 1095 1126 1154 illuc
1141 1116 1188 1156 re-

234 1177 253 1233 3
274 1175 405 1235 deamus.
448 1179 607 1255 Agesilaus
620 1177 837 1255 opulentissimo
857 1193 947 1252 regno
968 1176 1123 1250 praeposuit
1137 1176 1188 1234 bo-

273 1273 342 1312 nam
355 1257 605 1327 existimationem,
620 1257 769 1332 multoque
782 1255 937 1332 gloriosius
951 1253 1043 1323 duxit,
1059 1254 1084 1312 si
1104 1255 1188 1312 insti-

272 1334 343 1392 tutis
357 1336 458 1412 patriee
471 1337 625 1413 paruisset,
640 1335 770 1412 quamsi
791 1333 866 1392 bello
885 1342 1053 1410 superasset
1070 1332 1186 1392 Asiam.

233 1414 253 1468 ⁴
273 1409 341 1470 Hao
354 1414 445 1491 igitur
458 1425 555 1472 menta
563 1414 785 1490 Hellespontum
799 1412 898 1488 copies
911 1410 1035 1486 trajecit,
1047 1420 1189 1488 tantaque

273 1508 345 1549 usus
358 1501 403 1550 ost
415 1493 575 1564 celeritate,
590 1501 632 1562 ut,
646 1491 723 1569 quod
743 1492 800 1550 iter
823 1489 937 1550 Xerxes
958 1507 1034 1548 anno
1054 1499 1188 1550 vertente

233 1571 252 1626 ὗ
273 1569 447 1640 coniecerat,
462 1571 511 1630 hio
532 1571 679 1630 transierit
700 1571 820 1648 triginta
842 1568 956 1628 diebus.
998 1568 1101 1638 Quum
1122 1569 1188 1644 jam

272 1647 352 1707 haud
365 1651 407 1708 ita
420 1650 505 1728 longe
520 1651 633 1708 abesset
647 1669 666 1708 a
678 1649 883 1725 Peloponneso,
894 1647 1033 1706 obsistere
1046 1648 1075 1705 ei
1088 1649 1188 1706 conati

272 1737 340 1786 sunt
353 1729 549 1787 Athenienses
562 1737 592 1787 et
605 1728 720 1797 Boeotii,
729 1728 882 1804 ‘ceterique
895 1743 997 1784 eorum
1011 1727 1092 1796 socii,
1107 1726 1188 1803 apud

233 1808 252 1862 6
272 1804 450 1864 Coroneam:
471 1825 544 1882 quos
557 1825 657 1864 omnes
671 1806 756 1884 gravi
770 1805 874 1882 proelio
887 1805 968 1864 vicit.
1010 1803 1111 1881 Hujus
1124 1806 1188 1864 vic·

272 1884 408 1942 toriaevel
423 1885 551 1942 maxima
562 1885 616 1943 fuit
629 1885 704 1954 leus,
715 1883 801 1960 quod,
810 1901 902 1960 quum
916 1883 1048 1960 plerique
1062 1902 1100 1942 ex
1115 1882 1188 1962 iuge

272 1979 304 2018 se
319 1963 350 2019 in
364 1962 505 2038 templum
520 1963 661 2021 Minervae
678 1963 879 2038 conjecissent,
894 1971 1134 2038 quaerereturque
1149 1963 1188 2022 ab

272 2058 315 2109 eo,
330 2039 399 2116 quid
425 2041 470 2098 his
483 2041 547 2100 fieri
571 2041 668 2111 vellet,
684 2042 738 2100 etsi
761 2041 870 2118 aliquot
884 2041 1009 2098 vulnera
1030 2052 1188 2118 acceperat

272 2137 307 2176 eo
330 2119 440 2194 proelio,
462 2131 491 2178 et
515 2122 608 2179 iratus
630 2121 783 2178 videbatur
805 2119 948 2189 omnihus,
971 2120 1022 2196 qui
1045 2119 1188 2180 adversus

273 2215 355 2254 arma
378 2197 516 2270 tulerant,
531 2210 628 2258 tamen
654 2200 788 2257 antetulit
812 2200 865 2256 irae
885 2198 1066 2276 religionem,
1087 2209 1118 2257 et
1136 2219 1188 2258 eos

232 2279 251 2334 t
272 2277 364 2334 vetuit
377 2277 490 2335 violari.
532 2279 638 2355 Neque
652 2297 722 2336 vero
735 2279 791 2336 hoc
805 2278 899 2336 solum
921 2279 952 2336 in
972 2278 1090 2336 Graecia
1105 2277 1187 2350 iecit,

203 2366 207 2374 '
272 2364 304 2413 ut
317 2356 427 2433 templa
439 2356 560 2416 deorum
573 2367 675 2416 sancta
689 2358 829 2430 haberet3
853 2356 905 2414 sed
919 2357 1007 2415 etiam
1021 2356 1098 2434 apud
1120 2358 1187 2415 har-

272 2434 357 2494 baros
370 2455 485 2494 summe
506 2438 645 2516 religione
665 2438 764 2494 omnis
785 2436 946 2494 simulacra
969 2453 1095 2513 arasque
1116 2455 1187 2496 con-

233 2517 252 2572 8
272 2515 409 2573 servavit.
452 2515 553 2593 ltaque
575 2515 760 2593 predicabat,
776 2515 878 2572 mirari
891 2534 933 2584 se,
947 2533 1005 2573 nou
1026 2514 1186 2594 sacrilego·

272 2611 338 2650 rum
352 2611 474 2652 numero
487 2596 596 2665 haberi,
610 2596 662 2672 qui
676 2595 858 2672 supplicibus
871 2612 974 2652 eorum
994 2595 1185 2668 nocuissent3

273 2681 394 2730 autnon
407 2673 590 2749 gravioribus
603 2674 698 2750 poenis
713 2673 791 2732 affici
814 2674 865 2749 qui
887 2673 1057 2751 religionem
1071 2673 1186 2733 minue·

273 2759 346 2819 rant,
360 2769 449 2826 quam
463 2752 514 2826 qui
529 2751 597 2810 fana
610 2753 777 2828 spoliarent.

234 2832 249 2888 1
312 2827 352 2884 V.
374 2827 441 2887 Post
454 2830 508 2887 hoo
522 2831 658 2906 proelium
669 2831 808 2889 collatum
822 2840 867 2889 est
879 2849 964 2889 omne
978 2829 1089 2890 bellum
1100 2831 1185 2890 circa

232 2909 251 2963 2
272 2905 452 2978 Corinthum,
476 2908 598 2984 ideoque
618 2909 802 2967 Corinthium
826 2920 871 2968 est
892 2910 1080 2988 appellatum.
1123 2909 1186 2970 Hic

271 3003 362 3061 quum
377 3003 436 3044 una
449 3005 549 3064 pugna
561 2986 663 3045 decern
677 2989 770 3045 millia
790 2989 926 3059 hostiurn,
941 2989 1082 3066 Agesilao
1096 2987 1185 3059 duce,

271 3064 453 3135 cecidissent,
474 3083 567 3142 eoque
590 3063 667 3123 facto
687 3085 757 3144 opes
778 3067 1012 3126 adversariorum
1026 3066 1186 3126 debilitate

271 3141 458 3202 viderentur:
479 3153 591 3202 tantum
605 3145 698 3204 abfuit
717 3147 753 3204 ab
767 3146 920 3204 insolentia
933 3147 1044 3224 glorite,
1059 3156 1091 3204 ut
1104 3165 1185 3205 oom-

271 3221 426 3280 miseratus
448 3223 486 3282 sit
510 3221 655 3282 fortunam
678 3225 811 3296 Graeciae,
832 3225 909 3302 quod
924 3236 984 3284 tam
1007 3225 1092 3282 multi
1114 3244 1132 3283 a
1151 3245 1185 3283 se

272 3300 343 3358 vioti
370 3301 439 3360 vitio
466 3301 700 3362 adversariorum
727 3303 938 3363 concidissent:
973 3321 1101 3380 namque
1129 3303 1185 3362 illa

271 3377 465 3452 multitudine,
491 3382 517 3440 si
545 3401 618 3440 sana
641 3402 723 3441 mens
745 3393 831 3454 esset,
857 3382 982 3442 Graeciae
1004 3382 1184 3474 supplicium

153 3483 154 3486 ¹
232 3461 251 3516 8
272 3454 377 3516 Persas
404 3458 473 3519 dare
501 3463 637 3538 potuisse.
679 3460 760 3520 ldem
786 3480 879 3538 quum
902 3461 1083 3522 adversarios
1106 3461 1184 3520 intra

271 3537 379 3596 moenie
392 3539 587 3616 compulisset,
601 3552 639 3613 et,
660 3551 693 3600 ut
705 3540 877 3600 Corinthum
893 3548 1083 3617 oppugnaret,
1098 3539 1184 3598 multi

271 3615 466 3689 hortarentur,
480 3622 607 3697 negavit,
622 3621 651 3678 id
672 3638 735 3678 suae
747 3619 847 3678 virtuti
861 3619 1035 3678 convenire:
1056 3637 1089 3676 se
1104 3618 1183 3676 enim

269 3711 339 3753 eum
353 3715 417 3755 esse
431 3696 511 3768 dixit,
525 3700 576 3775 qui
590 3699 626 3757 ad
638 3698 768 3758 officium
782 3706 937 3774 peccantes
945 3695 1040 3754 redire
1054 3705 1182 3775 cogeret,

231 3775 251 3830 4
271 3789 337 3845 non,
352 3776 404 3852 qui
419 3776 507 3835 urbes
520 3777 712 3835 nobilissimus
725 3784 906 3854 expugnaret
928 3773 1063 3833 Grauia.
1105 3771 1183 3834 Num
