2692 4306
261 379 304 440 66
528 369 617 435 XIV.
640 378 670 434 6.
716 368 899 451 (Datames.)

258 521 353 581 lentm
376 517 414 576 ad
440 535 539 576 eorum
564 517 733 594 perniciem,
759 533 877 591 quorum
901 514 988 574 ductu
1013 533 1063 574 res
1084 515 1162 578 mal·

258 609 349 676 gestae
360 596 535 654 nuntientur.
575 596 663 654 Illum
675 593 732 652 hoc
743 595 851 670 majore
865 591 926 650 sore
940 592 971 650 in
985 591 1164 666 discrimine,

257 676 342 752 quod,
355 675 458 750 quibus
472 692 525 732 rex
537 673 662 731 maxime
673 672 798 742 obediat,
809 690 861 730 eos
874 670 981 729 habeat
993 672 1164 732 inimicissi-

219 760 238 814 5
257 771 331 812 moe.
371 752 493 810 Talibus
514 752 565 810 ille
584 750 689 810 litteris
704 750 839 827 cognitis,
851 768 938 824 quum
954 751 1016 826 jam
1028 751 1065 808 ad
1079 771 1164 810 exer·

258 833 346 891 citum
356 832 441 889 Acen
448 831 589 901 venisset,
597 829 672 906 quod
685 847 744 888 non
751 830 908 905 ignorabat,
917 847 954 886 ea
961 847 1030 887 vere
1044 831 1164 906 scripta,

258 910 427 970 desciscere
449 928 467 966 a
485 927 556 985 rege
571 908 727 966 constituit.
768 907 873 981 Neque
893 916 991 964 tamen
1010 907 1164 982 quicquam

219 993 238 1048 6
258 989 338 1058 fecit,
351 988 427 1062 quod
440 988 496 1046 fide
511 1007 565 1046 sua
579 996 659 1045 esset
671 985 829 1062 indignum.
870 984 900 1042 N
902 1003 949 1042 am
962 985 1164 1044 Mandroclem

257 1068 425 1142 Magnetem
438 1065 579 1124 exercitui
591 1065 738 1141 praesecit3
762 1065 826 1140 ipse
841 1081 907 1120 cum
920 1063 982 1120 auis
1002 1063 1033 1120 in
1047 1065 1164 1140 Cappa-

258 1146 371 1206 dociam
379 1141 1164 1224 disceditconjunctamquehuicPaphlagoniamoccu·

257 1257 344 1346 ea.
375 1222 1164 1378 ttt⁰tltattltlt¹lthtttthttttdsst

273 1333 279 1346 .
310 1333 316 1346 .
345 1332 351 1344 .
902 1343 909 1372 ‚
1151 1335 1163 1348 .
1191 1343 1198 1356 ,

257 1393 309 1452 rat,
322 1384 410 1441 urbes
423 1382 547 1440 munitas
561 1381 623 1440 suis
637 1380 759 1442 tuendas
772 1379 867 1438 tradit.

221 1466 235 1520 l
299 1461 354 1521 VI.
377 1461 438 1519 Sed
451 1460 514 1518 haec
527 1472 644 1536 propter
656 1459 781 1518 hiemale
790 1469 903 1534 tempus
916 1457 1011 1516 minus
1022 1477 1163 1536 prospere

257 1539 463 1618 procedebant.
504 1539 601 1610 Audit,
615 1537 731 1596 Pisidas
745 1537 883 1613 quaedem
902 1536 1002 1614 copias
1023 1537 1162 1596 adversim

259 1637 292 1676 ee
306 1637 417 1695 parare.
460 1617 568 1676 Filium
591 1635 627 1676 eo
648 1617 801 1674 Arsideum
825 1633 891 1673 cum
914 1615 1044 1674 exercitu
1066 1616 1161 1674 mittit.

259 1697 346 1755 Cedit
358 1697 390 1754 in
409 1696 510 1772 proelio
524 1695 707 1754 adolescens.
749 1694 947 1754 Proficiscitur
960 1712 996 1752 eo
1008 1705 1091 1770 pater
1102 1715 1162 1754 non

258 1775 300 1832 ita
312 1793 379 1832 cum
390 1793 495 1850 magna
507 1793 602 1844 manu,
612 1775 722 1844 celans,
730 1783 865 1848 quantum
871 1773 975 1832 aulum
987 1773 1162 1849 accepisset,

258 1852 335 1928 quod
354 1853 433 1927 prius
449 1853 485 1910 ad
508 1851 623 1910 hostem
642 1852 793 1928 pervenire
814 1851 958 1928 cupiebat,
970 1869 1056 1926 quam
1078 1851 1116 1909 da
1130 1871 1162 1910 re

258 1931 335 1988 male
357 1940 440 2006 gesta
463 1929 539 1987 fama
559 1929 597 1987 ad
620 1949 688 1988 euos
710 1930 883 2006 perveniret,
906 1948 945 1988 ne
970 1929 1087 2006 cognita
1109 1932 1162 1988 filii

218 2013 238 2068 2
258 2017 349 2068 morte
363 2007 451 2065 animi
475 2007 690 2066 debilitarentur
712 2009 843 2067 militum.
887 2008 953 2076 Quo
966 2009 1163 2080 contenderat,

257 2086 400 2164 pervenit,
413 2085 517 2161 hisque
540 2087 615 2144 locis
630 2098 725 2144 castra
743 2087 832 2164 ponit,
846 2095 878 2144 ut
900 2106 994 2162 neque
1017 2086 1162 2146 circumiri

258 2164 439 2224 multitudine
459 2164 687 2223 adversariorum
706 2176 816 2242 posset,
828 2183 923 2240 neque
943 2165 1086 2237 impediri,
1106 2185 1163 2241 quo

219 2247 238 2302 3
258 2243 353 2303 minue
367 2243 405 2301 ad
418 2243 612 2302 dimicandum
624 2263 740 2302 manum
751 2244 872 2302 haberet
886 2243 1059 2320 expeditam.
1091 2245 1163 2304 Erat

259 2339 326 2382 cum
339 2339 376 2380 eo
394 2321 653 2394 Mithrobarzanes,
667 2341 753 2380 socer
772 2322 845 2400 ejus,
858 2321 1012 2400 praefectus
1025 2323 1161 2398 equitum.

258 2401 300 2472 Is,
318 2401 480 2478 desperatis
503 2401 604 2478 generi
625 2403 721 2472 rebus,
743 2401 780 2459 ad
803 2401 903 2458 hostes
923 2399 1085 2478 transfugit.
1128 2403 1163 2460 Id

259 2480 399 2539 Datames
422 2490 454 2538 ut
477 2479 594 2551 audivit,
616 2481 718 2550 sensit,
739 2480 767 2538 si
789 2479 821 2538 in
843 2480 954 2538 turbem
978 2478 1098 2551 exisset,
1126 2483 1163 2539 ab

258 2558 376 2618 homine
399 2559 641 2618 tamnecessario
661 2577 695 2616 ae
716 2559 858 2628 relictum,
872 2557 1004 2629 futurum,
1018 2569 1050 2616 ut
1071 2561 1162 2617 ceteri

219 2641 238 2696 4
258 2637 413 2696 conatuum
420 2647 616 2712 sequerentur.
637 2637 865 2713 Invulgusedit:
888 2636 1031 2696 suoiussu
1040 2637 1163 2695 Mithro-

257 2717 412 2772 barzanem
433 2714 593 2790 profectum
615 2733 668 2791 pro
686 2715 816 2792 perfuga,
829 2733 885 2790 quo
898 2701 1013 2773 facilius
1026 2727 1163 2792 receptus

258 2792 435 2850 interficeret
453 2791 565 2850 hoster.
607 2794 704 2860 Quare
718 2794 841 2869 relinqui
855 2813 922 2852 eum
933 2812 992 2850 non
1011 2812 1064 2870 per
1083 2813 1162 2866 esse,

259 2880 290 2928 et
301 2887 403 2928 omnes
418 2869 572 2928 confestim
585 2872 676 2946 sequi.
699 2872 785 2939 Quod
798 2873 825 2930 si
839 2872 934 2930 animo
947 2882 1063 2930 strenua
1074 2872 1163 2930 secis-

258 2957 334 3018 sent,
347 2947 479 3018 futtrrum,
492 2959 525 3006 ut
537 2948 695 3007 adversarii
707 2969 766 3008 non
779 2961 899 3027 possent
916 2949 1063 3021 resistere,
1077 2971 1163 3026 quum

219 3031 238 3084 5
259 3036 290 3085 et
311 3025 387 3104 intra
399 3027 507 3084 vallum
527 3036 557 3084 et
580 3025 650 3084 foris
671 3029 859 3086 caederentur.
902 3029 968 3088 Hac
982 3048 1014 3086 re
1035 3031 1163 3106 probata,

258 3104 419 3164 exercitum
447 3105 554 3176 educit,
584 3105 846 3165 Mithrobarzanem
873 3107 1073 3184 persequitur:
1113 3109 1162 3183 qui

257 3193 366 3240 tantum
375 3183 451 3258 quod
464 3183 501 3242 ed
514 3183 614 3242 hostes
628 3197 807 3261 pervenerat,
817 3186 956 3244 Datames
970 3185 1161 3262 signainferri

219 3260 347 3338 ejubet.
398 3259 516 3333 Pisi'dae,
537 3280 613 3320 nova
632 3281 664 3321 re
679 3263 822 3335 commoti,
836 3263 867 3322 in
889 3264 1055 3340 opinionem
1075 3264 1164 3326 addus

259 3348 370 3410 cuntur,
392 3339 530 3416 perfugas
556 3343 633 3398 mala
658 3341 716 3399 fide
744 3342 960 3419 compositoque
987 3341 1106 3413 secisse,
1133 3353 1163 3400 ut

257 3417 368 3493 recepti
384 3430 484 3475 essent
501 3419 602 3496 majori
616 3419 780 3478 calamitati.
822 3420 950 3479 Primum
963 3439 1015 3478 eos
1030 3421 1164 3478 adoriun-

256 3504 313 3552 tur.
353 3495 402 3554 Illi
423 3514 518 3570 quum,
531 3497 600 3572 quid
620 3509 761 3574 ageretur,
776 3508 823 3556 aut
842 3517 930 3574 quare
944 3499 1037 3569 fieret,
1050 3498 1164 3575 ignora·

257 3583 331 3644 rent,
345 3575 441 3632 coacti
454 3584 610 3646 sunt,cum
623 3577 667 3634 eis
687 3595 826 3654 pugnare,
840 3577 878 3635 ad
890 3595 962 3652 quos
982 3577 1164 3647 transierant,

259 3651 296 3708 ab
315 3651 419 3727 hisque
432 3663 520 3722 stare,
532 3671 605 3728 quos
618 3653 801 3728 reliquerant.
843 3655 956 3720 Quibus
970 3673 1057 3730 quum
1068 3665 1163 3714 neutri

220 3729 240 3786 t
258 3741 419 3804 parcerent,
429 3731 564 3789 celeriter
576 3741 643 3789 sunt
651 3731 773 3789 concisi.
794 3731 935 3807 Reliquos
949 3732 1152 3791 Pisidasreeia
