2692 4306
265 371 308 431 58
485 363 573 428 XIV.
617 369 713 440 9,10.
759 364 941 445 (Datames.)

261 531 346 590 quam
367 511 604 580 adversmorum,
627 509 748 581 videret,
766 511 803 568 ad
826 529 931 586 pacem
951 510 1164 590 aricinamque

223 595 242 651 6
261 591 389 650 hortatus
410 601 463 660 est,
483 600 514 648 ut
535 607 600 647 cum
623 607 693 665 rege
717 589 748 647 in
768 590 889 665 gratiam
908 589 1026 668 rediret.
1068 591 1165 658 Quam

261 671 312 729 ille
339 669 396 728 etsi
415 668 502 726 fidam
527 685 587 726 nou
614 667 675 726 lore
696 669 822 743 putabat,
848 677 945 725 tamen
968 667 1164 729 conditionem

261 747 377 824 accepit
396 765 486 822 seque
507 746 545 804 ad
561 747 752 804 Artaxerxem
769 746 881 822 legatos
901 745 1057 804 missurum
1079 746 1163 806 dixit.

262 827 314 886 Sic
335 826 451 896 bellum,
472 824 548 902 quod
568 841 622 882 rex
642 823 780 882 adversus
803 824 957 882 Datamern
982 836 1164 901 susceperat,

261 906 402 964 sedatum.
436 902 666 980 Autophrodates
680 902 711 960 in
725 902 883 979 Phrygiam
895 921 929 960 se
943 903 1064 979 recepit.

225 987 238 1042 l
301 983 356 1042 IX.
377 984 416 1040 At
428 1001 489 1053 rex,
500 980 576 1058 quod
589 981 771 1057 implacabile
785 980 883 1039 odium
893 981 924 1040 in
935 981 1088 1040 Datamem
1098 1001 1163 1040 aus·

260 1072 387 1137 ceperat,
400 1059 553 1137 postqriarn
565 1059 643 1117 bello
658 1078 725 1118 curn
737 1059 860 1136 opprimi
867 1077 926 1118 non
936 1077 1025 1136 posse
1034 1061 1164 1119 animad-

259 1139 352 1210 vertit,
372 1139 489 1198 insidiis
508 1137 672 1197 interficere
696 1138 820 1208 studuit;
840 1157 912 1213 quas
936 1137 988 1196 ille
1007 1139 1163 1214 plerasque

221 1218 370 1276 tritavit.
412 1217 511 1296 Sicut,
529 1235 615 1291 quum
640 1217 799 1274 nmtiatum
822 1226 913 1287 esset,
938 1217 1078 1291 quosdam
1104 1217 1163 1276 sibi

259 1297 400 1367 insidiari,
427 1297 476 1372 qui
503 1296 534 1354 in
557 1293 714 1353 amicorum
737 1305 818 1354 creat
839 1313 958 1353 numero
978 1294 1028 1373 (de
1048 1295 1162 1370 quibus,

259 1375 335 1450 quod
347 1373 459 1433 inimici
471 1373 641 1444 detulerant,
654 1391 748 1448 neque
762 1373 947 1444 credendum,
959 1391 1054 1449 neque
1067 1374 1161 1450 negli-

260 1453 385 1530 gendum
403 1453 533 1531 putavit),
553 1452 678 1528 experiri
691 1452 789 1523 voluit,
802 1470 902 1510 rarum
917 1451 1059 1511 ialsmnne
1080 1462 1162 1511 esset

221 1536 239 1590 3
259 1534 389 1591 relatum.
430 1532 529 1607 Itaque
550 1548 587 1588 eo
606 1529 752 1606 proiectus
775 1541 829 1602 est,
849 1549 905 1606 quo
926 1531 1030 1588 itinere
1049 1531 1160 1588 futurae

259 1611 381 1670 insidias
395 1610 537 1670 dixerant.
563 1653 565 1658 .
578 1609 640 1667 Sed
653 1610 743 1686 elegit
756 1627 875 1686 corpore
890 1619 920 1667 et
932 1619 1040 1668 statura
1048 1609 1161 1668 similli-

258 1709 336 1748 mum
350 1689 405 1760 sui,
420 1689 504 1764 eique
516 1687 651 1747 vastum
670 1707 754 1746 suum
771 1687 860 1759 dedit,
874 1697 958 1764 atqm
973 1707 1009 1746 eo
1027 1688 1093 1746 loco
1106 1688 1160 1758 ire,

258 1786 315 1842 quo
325 1769 389 1844 ipse
398 1776 597 1835 consueverat,
607 1767 704 1842 jussit.
738 1767 808 1843 Ipse
819 1777 915 1825 eutem
927 1776 1028 1824 ornatu
1040 1767 1160 1825 vestitu·

258 1863 314 1920 que
327 1845 444 1903 militari
467 1847 543 1904 inter
560 1845 689 1919 corporis
712 1846 848 1904 custodes
869 1845 924 1904 iter
942 1844 1040 1904 iacere
1061 1845 1159 1922 coepit.

223 1927 239 1982 t
259 1925 298 1980 At
311 1923 504 1993 insidiatores,
512 1933 663 1999 postquam
675 1924 706 1982 in
720 1925 890 1982 eumlccum
902 1942 1006 2001 agmen
1018 1924 1159 2000 pervenit,

258 2001 374 2078 decepti
394 2001 494 2059 urdine
514 2012 598 2076 atque
620 2002 733 2073 vestitu,
746 2003 778 2060 in
798 2021 865 2061 eum
884 2002 993 2062 faciunt
1011 2003 1159 2078 impetum,

258 2081 307 2156 qni
328 2079 493 2155 suppositus
516 2090 585 2138 erat.
627 2080 803 2140 Praedixerat
823 2091 919 2140 autem
939 2080 986 2139 his
1009 2081 1158 2152 Datames,

258 2177 324 2216 cum
336 2158 439 2232 quibus
460 2159 515 2216 iter
535 2158 668 2229 faciebat,
682 2170 713 2218 ut
732 2160 824 2236 parati
844 2170 945 2219 essent
961 2159 1068 2230 facere,
1082 2161 1159 2236 quod

258 2236 549 2387 enneae.
575 2239 948 2394 urrunsa
970 2239 1159 2392 eurr

256 2393 385 2453 universi
398 2393 546 2465 fecissent,
559 2397 722 2472 priusquam
734 2395 919 2472 pervenirent
932 2395 969 2454 ad
982 2414 1057 2466 eum,
1071 2413 1159 2471 quem

257 2473 376 2550 aggredi
385 2474 528 2544 volebant,
543 2475 650 2534 confixi
664 2473 840 2532 ceciderunt.

220 2559 233 2610 l
296 2552 335 2610 X.
351 2552 903 2612 Hictamentamcallidusvirextremo
915 2563 1044 2629 tempere
1054 2562 1157 2630 captus

255 2642 302 2689 est
325 2629 511 2702 Mithridatis,
536 2631 738 2690 Ariobarzanis
758 2631 821 2701 filii,
844 2631 921 2690 dolo.
971 2632 1104 2706 Namque
1126 2631 1154 2690 is

257 2709 404 2784 pollicitus
419 2719 466 2765 est
484 2709 557 2784 regi,
571 2729 605 2768 ee
627 2729 693 2783 eum
706 2709 929 2782 interfecturum,
943 2710 969 2768 si
983 2709 1012 2769 ei
1025 2729 1078 2768 rex
1089 2728 1156 2786 per·

255 2787 388 2856 mitteret,
402 2795 441 2855 ut,
461 2787 657 2862 quodcumque
671 2789 769 2859 vellet,
789 2789 892 2847 liceret
911 2789 1027 2865 imprme
1046 2788 1155 2860 iacere,

255 2863 397 2939 fidemque
420 2863 457 2922 de
479 2883 517 2922 ea
539 2883 580 2936 re,
602 2885 681 2924 more
706 2867 869 2938 Persarum,
893 2867 994 2925 dextre
1014 2867 1154 2926 dedisset

215 2947 234 3001 2
257 2943 342 3002 Hanc
356 2952 388 3000 ut
400 2943 515 3019 accepit
527 2961 546 3000 a
557 2961 627 3020 rege
640 2945 768 3016 missam,
782 2946 882 3022 copias
902 2956 992 3022 parat,
1006 2955 1036 3004 et
1048 2947 1155 3004 absens

169 3075 175 3088 ,
245 3020 412 3084 Ιιιιιιοίιίιιιι
438 3039 504 3078 cum
531 3021 653 3080 Datame
674 3021 753 3093 lacit,
772 3025 852 3100 regis
872 3025 1035 3100 provincias
1057 3033 1155 3094 vexat,

254 3100 542 3176 castellaexpugnat,
555 3119 676 3180 magnas
690 3102 800 3177 predas
815 3104 900 3180 capit,
914 3121 1032 3180 quarum
1044 3113 1156 3180 partem

254 3177 316 3236 suis
342 3175 482 3254 dispertit,
503 3189 614 3254 partem
627 3179 664 3238 ad
688 3180 839 3238 Datamem
859 3182 961 3252 mittit3
981 3182 1045 3258 pari
1068 3181 1155 3240 modo

219 3259 233 3308 l
256 3256 402 3332 complura
415 3258 537 3316 castella
550 3258 580 3315 ei
592 3259 686 3318 tradit.
718 3258 791 3317 Hac
805 3259 855 3318 diu
864 3259 998 3320 iaciendo
1008 3259 1156 3336 persuasit

253 3333 372 3405 homini,
383 3352 416 3392 se
430 3336 571 3394 inlinitum
589 3337 728 3396 adversm
741 3355 841 3415 regem
855 3339 1024 3415 suscepisse
1036 3337 1154 3408 bellum,

253 3429 339 3487 quum
351 3412 558 3490 nihilomagis,
571 3434 609 3473 ne
629 3435 715 3491 quem
734 3416 931 3493 suspicionem
950 3417 995 3475 illi
1013 3417 1156 3492 preberet

252 3491 429 3564 insidiarum,
439 3511 533 3568 neque
545 3494 717 3570 colloquium
731 3495 794 3572 ejus
808 3495 918 3572 petivit,
931 3513 1029 3570 neque
1040 3495 1073 3552 in
1085 3512 1154 3552 oon·

252 3579 385 3646 spectum
397 3571 497 3629 venire
511 3572 627 3631 studuit.
669 3573 721 3630 Sic
735 3575 842 3632 absens
856 3573 1012 3630 amicitiam
1025 3574 1154 3650 gerebat,

252 3661 283 3705 ut
294 3649 518 3708 nonvbeneficiis
537 3651 652 3721 muniis,
666 3651 720 3708 sed
739 3651 806 3709 odic
827 3651 980 3722 communi,
993 3651 1071 3726 quud
1084 3669 1154 3729 erga

251 3743 352 3801 regem
365 3738 563 3803 susceperant,
577 3729 718 3789 contineri
730 3727 904 3786 viderentur.
