<?xml version="1.0" encoding="UTF-8"?>
<!DOCTYPE html PUBLIC "-//W3C//DTD XHTML 1.0 Transitional//EN"
    "http://www.w3.org/TR/xhtml1/DTD/xhtml1-transitional.dtd">
<html xmlns="http://www.w3.org/1999/xhtml" xml:lang="en" lang="en">
 <head>
  <title>
</title>
<meta http-equiv="Content-Type" content="text/html;charset=utf-8" />
  <meta name='ocr-system' content='tesseract 3.04.00' />
  <meta name='ocr-capabilities' content='ocr_page ocr_carea ocr_par ocr_line ocrx_word'/>
</head>
<body>
  <div class='ocr_page' id='page_1' title='image "./corneliusneposw05nepogoog_0112.png"; bbox 0 0 2680 4304; ppageno 0'>
   <div class='ocr_carea' id='block_1_1' title="bbox 262 373 1086 459">
    <p class='ocr_par' dir='ltr' id='par_1_1' title="bbox 262 373 1086 459">
     <span class='ocr_line' id='line_1_1' title="bbox 262 373 1086 459; baseline -0.002 -17"><span class='ocrx_word' id='word_1_1' title='bbox 262 374 374 442; x_wconf 87' lang='lat' dir='ltr'>XXV.</span> <span class='ocrx_word' id='word_1_2' title='bbox 419 382 469 452; x_wconf 82' lang='lat'>14,</span> <span class='ocrx_word' id='word_1_3' title='bbox 486 382 534 440; x_wconf 86' lang='lat'>15.</span> <span class='ocrx_word' id='word_1_4' title='bbox 574 373 626 458; x_wconf 89' lang='grc' dir='ltr'>(Τ.</span> <span class='ocrx_word' id='word_1_5' title='bbox 639 373 836 459; x_wconf 78' lang='lat' dir='ltr'>Pomponius</span> <span class='ocrx_word' id='word_1_6' title='bbox 849 373 998 458; x_wconf 76' lang='lat' dir='ltr'>Atticus.)</span> <span class='ocrx_word' id='word_1_7' title='bbox 1024 381 1086 440; x_wconf 73' lang='lat'>1⁰5</span> 
     </span>
    </p>
   </div>
   <div class='ocr_carea' id='block_1_2' title="bbox 172 528 1126 3376">
    <p class='ocr_par' dir='ltr' id='par_1_2' title="bbox 172 528 1126 1478">
     <span class='ocr_line' id='line_1_2' title="bbox 173 528 1086 608; baseline -0.001 -17"><span class='ocrx_word' id='word_1_8' title='bbox 173 532 351 592; x_wconf 69' lang='lat' dir='ltr'><strong>nominantis</strong></span> <span class='ocrx_word' id='word_1_9' title='bbox 364 529 450 589; x_wconf 86' lang='lat' dir='ltr'>debet</span> <span class='ocrx_word' id='word_1_10' title='bbox 460 529 546 590; x_wconf 84' lang='lat' dir='ltr'>duci:</span> <span class='ocrx_word' id='word_1_11' title='bbox 561 539 590 588; x_wconf 92' lang='lat' dir='ltr'>et</span> <span class='ocrx_word' id='word_1_12' title='bbox 603 529 698 605; x_wconf 88' lang='lat' dir='ltr'>potius</span> <span class='ocrx_word' id='word_1_13' title='bbox 711 528 870 606; x_wconf 87' lang='lat' dir='ltr'>diligentia,</span> <span class='ocrx_word' id='word_1_14' title='bbox 882 549 971 608; x_wconf 89' lang='lat' dir='ltr'>quam</span> <span class='ocrx_word' id='word_1_15' title='bbox 986 530 1086 608; x_wconf 88' lang='lat' dir='ltr'>pretio,</span> 
     </span>
     <span class='ocr_line' id='line_1_3' title="bbox 173 607 1126 690; baseline -0.001 -21"><span class='ocrx_word' id='word_1_16' title='bbox 173 629 291 690; x_wconf 89' lang='lat' dir='ltr'>parare,</span> <span class='ocrx_word' id='word_1_17' title='bbox 314 627 373 668; x_wconf 92' lang='lat' dir='ltr'>non</span> <span class='ocrx_word' id='word_1_18' title='bbox 397 609 550 667; x_wconf 90' lang='lat' dir='ltr'>mediocris</span> <span class='ocrx_word' id='word_1_19' title='bbox 574 619 618 668; x_wconf 89' lang='lat' dir='ltr'>est</span> <span class='ocrx_word' id='word_1_20' title='bbox 644 607 805 667; x_wconf 75' lang='lat' dir='ltr'>industria.</span> <span class='ocrx_word' id='word_1_21' title='bbox 861 609 1001 686; x_wconf 83' lang='lat' dir='ltr'>Elegans,</span> <span class='ocrx_word' id='word_1_22' title='bbox 1031 609 1126 668; x_wconf 72' lang='lat' dir='ltr'>nond</span> 
     </span>
     <span class='ocr_line' id='line_1_4' title="bbox 172 687 1086 768; baseline -0.002 -20"><span class='ocrx_word' id='word_1_23' title='bbox 172 690 353 768; x_wconf 83' lang='lat' dir='ltr'>magnificus</span> <span class='ocrx_word' id='word_1_24' title='bbox 362 708 371 762; x_wconf 84' lang='lat'>3</span> <span class='ocrx_word' id='word_1_25' title='bbox 388 687 564 765; x_wconf 88' lang='lat' dir='ltr'>splendidus,</span> <span class='ocrx_word' id='word_1_26' title='bbox 579 706 636 746; x_wconf 90' lang='lat' dir='ltr'>non</span> <span class='ocrx_word' id='word_1_27' title='bbox 653 697 838 764; x_wconf 89' lang='lat' dir='ltr'>sumptuosus</span> <span class='ocrx_word' id='word_1_28' title='bbox 847 707 857 761; x_wconf 83' lang='lat'><em>3</em></span> <span class='ocrx_word' id='word_1_29' title='bbox 879 689 1086 766; x_wconf 87' lang='lat' dir='ltr'>omnidiligan-</span> 
     </span>
     <span class='ocr_line' id='line_1_5' title="bbox 172 766 1087 844; baseline -0.002 -16"><span class='ocrx_word' id='word_1_30' title='bbox 172 771 215 828; x_wconf 88' lang='lat' dir='ltr'>tia</span> <span class='ocrx_word' id='word_1_31' title='bbox 237 769 428 838; x_wconf 79' lang='lat' dir='ltr'><strong>mundiciam,</strong></span> <span class='ocrx_word' id='word_1_32' title='bbox 450 785 507 826; x_wconf 87' lang='lat' dir='ltr'>non</span> <span class='ocrx_word' id='word_1_33' title='bbox 531 767 720 837; x_wconf 89' lang='lat' dir='ltr'>affluentiam,</span> <span class='ocrx_word' id='word_1_34' title='bbox 741 766 905 826; x_wconf 88' lang='lat' dir='ltr'>affectabat.</span> <span class='ocrx_word' id='word_1_35' title='bbox 947 767 1087 844; x_wconf 81' lang='lat' dir='ltr'>Supellex</span> 
     </span>
     <span class='ocr_line' id='line_1_6' title="bbox 172 847 1087 924; baseline -0.003 -17"><span class='ocrx_word' id='word_1_36' title='bbox 172 849 300 916; x_wconf 90' lang='lat' dir='ltr'>modica,</span> <span class='ocrx_word' id='word_1_37' title='bbox 314 865 371 905; x_wconf 91' lang='lat' dir='ltr'>non</span> <span class='ocrx_word' id='word_1_38' title='bbox 386 847 487 914; x_wconf 88' lang='lat' dir='ltr'>multa,</span> <span class='ocrx_word' id='word_1_39' title='bbox 508 856 540 904; x_wconf 95' lang='lat' dir='ltr'>ut</span> <span class='ocrx_word' id='word_1_40' title='bbox 554 847 585 903; x_wconf 93' lang='lat' dir='ltr'>in</span> <span class='ocrx_word' id='word_1_41' title='bbox 602 855 738 904; x_wconf 88' lang='lat' dir='ltr'>neutram</span> <span class='ocrx_word' id='word_1_42' title='bbox 756 856 868 923; x_wconf 87' lang='lat' dir='ltr'>partam</span> <span class='ocrx_word' id='word_1_43' title='bbox 881 848 1011 924; x_wconf 88' lang='lat' dir='ltr'>conspici</span> <span class='ocrx_word' id='word_1_44' title='bbox 1025 866 1087 924; x_wconf 86' lang='lat' dir='ltr'>pos-</span> 
     </span>
     <span class='ocr_line' id='line_1_7' title="bbox 172 925 1126 1004; baseline -0.001 -18"><span class='ocrx_word' id='word_1_45' title='bbox 172 937 229 986; x_wconf 84' lang='lat' dir='ltr'>set.</span> <span class='ocrx_word' id='word_1_46' title='bbox 272 926 340 984; x_wconf 92' lang='lat' dir='ltr'>Nec</span> <span class='ocrx_word' id='word_1_47' title='bbox 365 925 526 1004; x_wconf 74' lang='lat' dir='ltr'>praeteribo,</span> <span class='ocrx_word' id='word_1_48' title='bbox 540 943 719 1002; x_wconf 90' lang='lat' dir='ltr'>quamquam</span> <span class='ocrx_word' id='word_1_49' title='bbox 741 926 891 984; x_wconf 77' lang='lat' dir='ltr'>nonnullis</span> <span class='ocrx_word' id='word_1_50' title='bbox 910 926 976 984; x_wconf 86' lang='lat' dir='ltr'>leve</span> <span class='ocrx_word' id='word_1_51' title='bbox 990 927 1087 984; x_wconf 86' lang='lat' dir='ltr'>risum</span> <span class='ocrx_word' id='word_1_52' title='bbox 1107 930 1126 985; x_wconf 81' lang='grc'><strong>0</strong></span> 
     </span>
     <span class='ocr_line' id='line_1_8' title="bbox 172 1004 1086 1083; baseline -0.002 -19"><span class='ocrx_word' id='word_1_53' title='bbox 172 1007 212 1064; x_wconf 87' lang='lat' dir='ltr'>iri</span> <span class='ocrx_word' id='word_1_54' title='bbox 225 1015 346 1083; x_wconf 88' lang='lat' dir='ltr'>putam:</span> <span class='ocrx_word' id='word_1_55' title='bbox 367 1023 460 1080; x_wconf 90' lang='lat' dir='ltr'>quum</span> <span class='ocrx_word' id='word_1_56' title='bbox 475 1004 608 1081; x_wconf 75' lang='lat' dir='ltr'>inprimis</span> <span class='ocrx_word' id='word_1_57' title='bbox 624 1005 723 1062; x_wconf 89' lang='lat' dir='ltr'>lautus</span> <span class='ocrx_word' id='word_1_58' title='bbox 736 1014 812 1062; x_wconf 88' lang='lat' dir='ltr'>esset</span> <span class='ocrx_word' id='word_1_59' title='bbox 824 1022 916 1082; x_wconf 90' lang='lat' dir='ltr'>eques</span> <span class='ocrx_word' id='word_1_60' title='bbox 929 1005 1086 1075; x_wconf 87' lang='lat' dir='ltr'>Romanus,</span> 
     </span>
     <span class='ocr_line' id='line_1_9' title="bbox 172 1083 1086 1161; baseline -0.002 -17"><span class='ocrx_word' id='word_1_61' title='bbox 172 1095 204 1144; x_wconf 88' lang='lat' dir='ltr'>et</span> <span class='ocrx_word' id='word_1_62' title='bbox 216 1103 274 1142; x_wconf 87' lang='lat' dir='ltr'>non</span> <span class='ocrx_word' id='word_1_63' title='bbox 289 1101 395 1161; x_wconf 89' lang='lat' dir='ltr'>parum</span> <span class='ocrx_word' id='word_1_64' title='bbox 409 1083 570 1142; x_wconf 77' lang='lat' dir='ltr'>liberaliter</span> <span class='ocrx_word' id='word_1_65' title='bbox 583 1083 699 1141; x_wconf 88' lang='lat' dir='ltr'>domum</span> <span class='ocrx_word' id='word_1_66' title='bbox 713 1101 797 1141; x_wconf 90' lang='lat' dir='ltr'>suam</span> <span class='ocrx_word' id='word_1_67' title='bbox 810 1085 940 1142; x_wconf 90' lang='lat' dir='ltr'>omnium</span> <span class='ocrx_word' id='word_1_68' title='bbox 953 1084 1086 1143; x_wconf 83' lang='lat' dir='ltr'>ordinum</span> 
     </span>
     <span class='ocr_line' id='line_1_10' title="bbox 173 1162 1087 1240; baseline -0.002 -17"><span class='ocrx_word' id='word_1_69' title='bbox 173 1164 308 1223; x_wconf 89' lang='lat' dir='ltr'>homines</span> <span class='ocrx_word' id='word_1_70' title='bbox 331 1164 478 1233; x_wconf 89' lang='lat' dir='ltr'>invitaret,</span> <span class='ocrx_word' id='word_1_71' title='bbox 496 1162 645 1240; x_wconf 90' lang='lat' dir='ltr'>[scimus,]</span> <span class='ocrx_word' id='word_1_72' title='bbox 669 1181 726 1222; x_wconf 90' lang='lat' dir='ltr'>non</span> <span class='ocrx_word' id='word_1_73' title='bbox 747 1163 881 1240; x_wconf 88' lang='lat' dir='ltr'>amplius,</span> <span class='ocrx_word' id='word_1_74' title='bbox 895 1181 984 1240; x_wconf 87' lang='lat' dir='ltr'>quam</span> <span class='ocrx_word' id='word_1_75' title='bbox 1004 1173 1087 1221; x_wconf 88' lang='lat' dir='ltr'>terna</span> 
     </span>
     <span class='ocr_line' id='line_1_11' title="bbox 173 1241 1086 1320; baseline 0 -20"><span class='ocrx_word' id='word_1_76' title='bbox 173 1243 270 1301; x_wconf 89' lang='lat' dir='ltr'>millia</span> <span class='ocrx_word' id='word_1_77' title='bbox 283 1244 360 1313; x_wconf 77' lang='lat' dir='ltr'>aeris,</span> <span class='ocrx_word' id='word_1_78' title='bbox 376 1259 512 1320; x_wconf 80' lang='lat' dir='ltr'>peraeque</span> <span class='ocrx_word' id='word_1_79' title='bbox 526 1242 557 1299; x_wconf 92' lang='lat' dir='ltr'>in</span> <span class='ocrx_word' id='word_1_80' title='bbox 570 1241 700 1318; x_wconf 87' lang='lat' dir='ltr'>singulos</span> <span class='ocrx_word' id='word_1_81' title='bbox 714 1260 837 1312; x_wconf 87' lang='lat' dir='ltr'>menses,</span> <span class='ocrx_word' id='word_1_82' title='bbox 852 1261 889 1300; x_wconf 86' lang='lat' dir='ltr'>ex</span> <span class='ocrx_word' id='word_1_83' title='bbox 903 1242 1086 1320; x_wconf 86' lang='lat' dir='ltr'>ephemeride</span> 
     </span>
     <span class='ocr_line' id='line_1_12' title="bbox 174 1320 1125 1478; baseline 0.001 -21"><span class='ocrx_word' id='word_1_84' title='bbox 174 1320 802 1478; x_wconf 53' lang='lat' dir='ltr'>ttttttttttgtlttipttttltm·</span> <span class='ocrx_word' id='word_1_85' title='bbox 815 1321 1125 1478; x_wconf 43' lang='lat' dir='ltr'>stulta-itt?</span> 
     </span>
     <span class='ocr_line' id='line_1_13' title="bbox 313 1441 773 1470; baseline 0 -13"><span class='ocrx_word' id='word_1_86' title='bbox 313 1441 321 1470; x_wconf 96' lang='lat'>,</span> <span class='ocrx_word' id='word_1_87' title='bbox 753 1441 773 1457; x_wconf 61' lang='grc'>».</span> 
     </span>
    </p>

    <p class='ocr_par' dir='ltr' id='par_1_3' title="bbox 178 1477 952 1538">
     <span class='ocr_line' id='line_1_14' title="bbox 178 1477 952 1538; baseline 0 -2"><span class='ocrx_word' id='word_1_88' title='bbox 178 1487 226 1536; x_wconf 90' lang='lat' dir='ltr'>ter</span> <span class='ocrx_word' id='word_1_89' title='bbox 239 1477 461 1537; x_wconf 74' lang='lat' dir='ltr'>familiaritatem</span> <span class='ocrx_word' id='word_1_90' title='bbox 476 1478 642 1538; x_wconf 72' lang='lat' dir='ltr'>domesticis</span> <span class='ocrx_word' id='word_1_91' title='bbox 655 1479 743 1537; x_wconf 88' lang='lat' dir='ltr'>rebus</span> <span class='ocrx_word' id='word_1_92' title='bbox 756 1477 952 1537; x_wconf 84' lang='lat' dir='ltr'>interfuimus.</span> 
     </span>
    </p>

    <p class='ocr_par' dir='ltr' id='par_1_4' title="bbox 174 1555 1126 2822">
     <span class='ocr_line' id='line_1_15' title="bbox 224 1555 1120 1648; baseline 0.002 -33"><span class='ocrx_word' id='word_1_93' title='bbox 224 1555 307 1615; x_wconf 85' lang='lat' dir='ltr'>XIV.</span> <span class='ocrx_word' id='word_1_94' title='bbox 327 1555 420 1616; x_wconf 88' lang='lat' dir='ltr'>Nemo</span> <span class='ocrx_word' id='word_1_95' title='bbox 439 1557 470 1614; x_wconf 89' lang='lat' dir='ltr'>in</span> <span class='ocrx_word' id='word_1_96' title='bbox 484 1559 619 1616; x_wconf 87' lang='lat' dir='ltr'>convivio</span> <span class='ocrx_word' id='word_1_97' title='bbox 632 1557 698 1634; x_wconf 89' lang='lat' dir='ltr'>ejus</span> <span class='ocrx_word' id='word_1_98' title='bbox 712 1557 793 1616; x_wconf 91' lang='lat' dir='ltr'>aliud</span> <span class='ocrx_word' id='word_1_99' title='bbox 815 1575 952 1648; x_wconf 78' lang='lat' dir='ltr'>acroama</span> <span class='ocrx_word' id='word_1_100' title='bbox 965 1557 1085 1628; x_wconf 86' lang='lat' dir='ltr'>audivit,</span> <span class='ocrx_word' id='word_1_101' title='bbox 1108 1563 1120 1617; x_wconf 88' lang='lat'><strong>1</strong></span> 
     </span>
     <span class='ocr_line' id='line_1_16' title="bbox 179 1635 1087 1810; baseline 0.004 -39"><span class='ocrx_word' id='word_1_102' title='bbox 179 1637 672 1810; x_wconf 59' lang='lat' dir='ltr'>ihialissimh‘iihllhh&#39;l</span> <span class='ocrx_word' id='word_1_103' title='bbox 678 1635 1087 1809; x_wconf 56' lang='lat' dir='ltr'>,ttttttttttttth</span> 
     </span>
     <span class='ocr_line' id='line_1_17' title="bbox 178 1805 1086 1872; baseline 0.003 -22"><span class='ocrx_word' id='word_1_104' title='bbox 178 1811 249 1851; x_wconf 89' lang='lat' dir='ltr'>eum</span> <span class='ocrx_word' id='word_1_105' title='bbox 262 1805 411 1852; x_wconf 87' lang='lat' dir='ltr'>coenatum</span> <span class='ocrx_word' id='word_1_106' title='bbox 431 1807 484 1865; x_wconf 89' lang='lat' dir='ltr'>est,</span> <span class='ocrx_word' id='word_1_107' title='bbox 503 1806 535 1854; x_wconf 92' lang='lat' dir='ltr'>ut</span> <span class='ocrx_word' id='word_1_108' title='bbox 556 1814 613 1854; x_wconf 88' lang='lat' dir='ltr'>nou</span> <span class='ocrx_word' id='word_1_109' title='bbox 633 1813 731 1853; x_wconf 89' lang='lat' dir='ltr'>mmus</span> <span class='ocrx_word' id='word_1_110' title='bbox 755 1813 861 1865; x_wconf 87' lang='lat' dir='ltr'>ammo,</span> <span class='ocrx_word' id='word_1_111' title='bbox 875 1812 964 1872; x_wconf 90' lang='lat' dir='ltr'>quam</span> <span class='ocrx_word' id='word_1_112' title='bbox 986 1805 1086 1854; x_wconf 86' lang='lat' dir='ltr'>ventre</span> 
     </span>
     <span class='ocr_line' id='line_1_18' title="bbox 175 1873 1126 1952; baseline 0.002 -22"><span class='ocrx_word' id='word_1_113' title='bbox 175 1873 308 1932; x_wconf 82' lang='lat' dir='ltr'>convirae</span> <span class='ocrx_word' id='word_1_114' title='bbox 321 1873 543 1932; x_wconf 85' lang='lat' dir='ltr'>delectarentur.</span> <span class='ocrx_word' id='word_1_115' title='bbox 586 1874 724 1952; x_wconf 89' lang='lat' dir='ltr'>Namque</span> <span class='ocrx_word' id='word_1_116' title='bbox 744 1893 794 1933; x_wconf 90' lang='lat' dir='ltr'>ecs</span> <span class='ocrx_word' id='word_1_117' title='bbox 816 1875 948 1945; x_wconf 86' lang='lat' dir='ltr'>vocabat,</span> <span class='ocrx_word' id='word_1_118' title='bbox 962 1893 1086 1952; x_wconf 86' lang='lat' dir='ltr'>quorum</span> <span class='ocrx_word' id='word_1_119' title='bbox 1106 1878 1126 1933; x_wconf 68' lang='lat' dir='ltr'>i</span> 
     </span>
     <span class='ocr_line' id='line_1_19' title="bbox 176 1953 1087 2031; baseline 0.001 -21"><span class='ocrx_word' id='word_1_120' title='bbox 176 1969 272 2010; x_wconf 89' lang='lat' dir='ltr'>mores</span> <span class='ocrx_word' id='word_1_121' title='bbox 293 1971 312 2010; x_wconf 91' lang='lat' dir='ltr'>a</span> <span class='ocrx_word' id='word_1_122' title='bbox 330 1953 393 2011; x_wconf 90' lang='lat' dir='ltr'>suis</span> <span class='ocrx_word' id='word_1_123' title='bbox 414 1971 471 2011; x_wconf 89' lang='lat' dir='ltr'>non</span> <span class='ocrx_word' id='word_1_124' title='bbox 494 1953 692 2012; x_wconf 85' lang='lat' dir='ltr'>abhorrerent.</span> <span class='ocrx_word' id='word_1_125' title='bbox 734 1953 836 2020; x_wconf 84' lang='lat' dir='ltr'>Quum</span> <span class='ocrx_word' id='word_1_126' title='bbox 860 1963 941 2012; x_wconf 88' lang='lat' dir='ltr'>tanta</span> <span class='ocrx_word' id='word_1_127' title='bbox 955 1954 1087 2031; x_wconf 72' lang='lat' dir='ltr'>pecuniae</span> 
     </span>
     <span class='ocr_line' id='line_1_20' title="bbox 176 2029 1085 2111; baseline 0.004 -23"><span class='ocrx_word' id='word_1_128' title='bbox 176 2029 256 2089; x_wconf 85' lang='lat' dir='ltr'>facta</span> <span class='ocrx_word' id='word_1_129' title='bbox 277 2042 354 2091; x_wconf 87' lang='lat' dir='ltr'>esset</span> <span class='ocrx_word' id='word_1_130' title='bbox 376 2034 516 2103; x_wconf 79' lang='lat' dir='ltr'>accessio,</span> <span class='ocrx_word' id='word_1_131' title='bbox 531 2033 603 2091; x_wconf 90' lang='lat' dir='ltr'>nihil</span> <span class='ocrx_word' id='word_1_132' title='bbox 622 2033 658 2091; x_wconf 89' lang='lat' dir='ltr'>de</span> <span class='ocrx_word' id='word_1_133' title='bbox 680 2033 845 2111; x_wconf 90' lang='lat' dir='ltr'>quotidiano</span> <span class='ocrx_word' id='word_1_134' title='bbox 857 2033 940 2092; x_wconf 90' lang='lat' dir='ltr'>cultu</span> <span class='ocrx_word' id='word_1_135' title='bbox 953 2033 1085 2103; x_wconf 88' lang='lat' dir='ltr'>mutarit,</span> 
     </span>
     <span class='ocr_line' id='line_1_21' title="bbox 175 2109 1085 2188; baseline 0.004 -22"><span class='ocrx_word' id='word_1_136' title='bbox 175 2110 247 2168; x_wconf 89' lang='lat' dir='ltr'>nihil</span> <span class='ocrx_word' id='word_1_137' title='bbox 263 2109 299 2170; x_wconf 86' lang='lat' dir='ltr'>de</span> <span class='ocrx_word' id='word_1_138' title='bbox 319 2112 387 2171; x_wconf 75' lang='lat' dir='ltr'>vitae</span> <span class='ocrx_word' id='word_1_139' title='bbox 400 2110 628 2170; x_wconf 79' lang='lat' dir='ltr'>consuetudine:</span> <span class='ocrx_word' id='word_1_140' title='bbox 648 2121 786 2188; x_wconf 87' lang='lat' dir='ltr'>tantaque</span> <span class='ocrx_word' id='word_1_141' title='bbox 807 2130 878 2171; x_wconf 87' lang='lat' dir='ltr'>usus</span> <span class='ocrx_word' id='word_1_142' title='bbox 891 2121 936 2172; x_wconf 89' lang='lat' dir='ltr'>est</span> <span class='ocrx_word' id='word_1_143' title='bbox 956 2111 1085 2170; x_wconf 87' lang='lat' dir='ltr'>modera-</span> 
     </span>
     <span class='ocr_line' id='line_1_22' title="bbox 178 2189 1086 2268; baseline 0.002 -20"><span class='ocrx_word' id='word_1_144' title='bbox 178 2189 262 2261; x_wconf 81' lang='lat' dir='ltr'>tione,</span> <span class='ocrx_word' id='word_1_145' title='bbox 278 2199 311 2248; x_wconf 92' lang='lat' dir='ltr'>ut</span> <span class='ocrx_word' id='word_1_146' title='bbox 332 2209 428 2268; x_wconf 88' lang='lat' dir='ltr'>neque</span> <span class='ocrx_word' id='word_1_147' title='bbox 442 2191 473 2248; x_wconf 93' lang='lat' dir='ltr'>in</span> <span class='ocrx_word' id='word_1_148' title='bbox 486 2193 616 2250; x_wconf 87' lang='lat' dir='ltr'>sestertio</span> <span class='ocrx_word' id='word_1_149' title='bbox 626 2192 728 2262; x_wconf 82' lang='lat' dir='ltr'>vicies,</span> <span class='ocrx_word' id='word_1_150' title='bbox 742 2190 819 2268; x_wconf 88' lang='lat' dir='ltr'>quod</span> <span class='ocrx_word' id='word_1_151' title='bbox 839 2201 952 2268; x_wconf 82' lang='lat' dir='ltr'>epatre</span> <span class='ocrx_word' id='word_1_152' title='bbox 967 2209 1086 2268; x_wconf 88' lang='lat' dir='ltr'>accepe-</span> 
     </span>
     <span class='ocr_line' id='line_1_23' title="bbox 176 2270 1086 2348; baseline 0 -22"><span class='ocrx_word' id='word_1_153' title='bbox 176 2277 231 2339; x_wconf 89' lang='lat' dir='ltr'>rat,</span> <span class='ocrx_word' id='word_1_154' title='bbox 245 2287 351 2346; x_wconf 89' lang='lat' dir='ltr'>parum</span> <span class='ocrx_word' id='word_1_155' title='bbox 365 2289 398 2328; x_wconf 90' lang='lat' dir='ltr'>se</span> <span class='ocrx_word' id='word_1_156' title='bbox 411 2270 561 2346; x_wconf 87' lang='lat' dir='ltr'>splendida</span> <span class='ocrx_word' id='word_1_157' title='bbox 574 2271 705 2348; x_wconf 83' lang='lat' dir='ltr'>gesserit,</span> <span class='ocrx_word' id='word_1_158' title='bbox 719 2288 815 2346; x_wconf 86' lang='lat' dir='ltr'>neque</span> <span class='ocrx_word' id='word_1_159' title='bbox 828 2270 859 2326; x_wconf 92' lang='lat' dir='ltr'>in</span> <span class='ocrx_word' id='word_1_160' title='bbox 873 2270 1003 2328; x_wconf 89' lang='lat' dir='ltr'>sestertio</span> <span class='ocrx_word' id='word_1_161' title='bbox 1018 2285 1086 2328; x_wconf 89' lang='lat' dir='ltr'>can·</span> 
     </span>
     <span class='ocr_line' id='line_1_24' title="bbox 174 2346 1088 2426; baseline -0.001 -21"><span class='ocrx_word' id='word_1_162' title='bbox 174 2346 230 2405; x_wconf 86' lang='lat' dir='ltr'>ties</span> <span class='ocrx_word' id='word_1_163' title='bbox 244 2347 411 2408; x_wconf 86' lang='lat' dir='ltr'>affluentius</span> <span class='ocrx_word' id='word_1_164' title='bbox 424 2349 538 2420; x_wconf 85' lang='lat' dir='ltr'>vixerit,</span> <span class='ocrx_word' id='word_1_165' title='bbox 548 2368 637 2426; x_wconf 91' lang='lat' dir='ltr'>quam</span> <span class='ocrx_word' id='word_1_166' title='bbox 650 2351 823 2418; x_wconf 88' lang='lat' dir='ltr'>instituerat,</span> <span class='ocrx_word' id='word_1_167' title='bbox 838 2347 958 2424; x_wconf 86' lang='lat' dir='ltr'>parique</span> <span class='ocrx_word' id='word_1_168' title='bbox 973 2346 1088 2424; x_wconf 85' lang='lat' dir='ltr'>fastigio</span> 
     </span>
     <span class='ocr_line' id='line_1_25' title="bbox 175 2425 1126 2504; baseline -0.002 -20"><span class='ocrx_word' id='word_1_169' title='bbox 175 2428 286 2485; x_wconf 87' lang='lat' dir='ltr'>steterit</span> <span class='ocrx_word' id='word_1_170' title='bbox 306 2427 336 2484; x_wconf 90' lang='lat' dir='ltr'>in</span> <span class='ocrx_word' id='word_1_171' title='bbox 352 2439 475 2504; x_wconf 89' lang='lat' dir='ltr'>utraque</span> <span class='ocrx_word' id='word_1_172' title='bbox 496 2427 621 2487; x_wconf 90' lang='lat' dir='ltr'>fortuna.</span> <span class='ocrx_word' id='word_1_173' title='bbox 663 2428 771 2487; x_wconf 89' lang='lat' dir='ltr'>Nullos</span> <span class='ocrx_word' id='word_1_174' title='bbox 785 2426 886 2484; x_wconf 89' lang='lat' dir='ltr'>habuit</span> <span class='ocrx_word' id='word_1_175' title='bbox 903 2426 1008 2495; x_wconf 90' lang='lat' dir='ltr'>hortos,</span> <span class='ocrx_word' id='word_1_176' title='bbox 1022 2425 1086 2483; x_wconf 88' lang='lat' dir='ltr'>nul·</span> <span class='ocrx_word' id='word_1_177' title='bbox 1108 2427 1126 2482; x_wconf 77' lang='grc'><strong>3</strong></span> 
     </span>
     <span class='ocr_line' id='line_1_26' title="bbox 176 2503 1085 2581; baseline -0.003 -19"><span class='ocrx_word' id='word_1_178' title='bbox 176 2504 237 2563; x_wconf 86' lang='lat' dir='ltr'>lam</span> <span class='ocrx_word' id='word_1_179' title='bbox 264 2506 463 2565; x_wconf 83' lang='lat' dir='ltr'>suburbanam</span> <span class='ocrx_word' id='word_1_180' title='bbox 483 2517 534 2566; x_wconf 90' lang='lat' dir='ltr'>aut</span> <span class='ocrx_word' id='word_1_181' title='bbox 555 2508 731 2566; x_wconf 85' lang='lat' dir='ltr'>maritimam</span> <span class='ocrx_word' id='word_1_182' title='bbox 752 2513 951 2581; x_wconf 87' lang='lat' dir='ltr'>sumptuosam</span> <span class='ocrx_word' id='word_1_183' title='bbox 974 2503 1085 2574; x_wconf 82' lang='lat' dir='ltr'>villam,</span> 
     </span>
     <span class='ocr_line' id='line_1_27' title="bbox 176 2582 1086 2662; baseline -0.003 -20"><span class='ocrx_word' id='word_1_184' title='bbox 176 2603 273 2662; x_wconf 86' lang='lat' dir='ltr'>neque</span> <span class='ocrx_word' id='word_1_185' title='bbox 297 2585 441 2657; x_wconf 89' lang='lat' dir='ltr'>initalia,</span> <span class='ocrx_word' id='word_1_186' title='bbox 467 2595 570 2662; x_wconf 74' lang='lat' dir='ltr'>praeter</span> <span class='ocrx_word' id='word_1_187' title='bbox 594 2586 789 2644; x_wconf 80' lang='lat' dir='ltr'>Ardeatinum</span> <span class='ocrx_word' id='word_1_188' title='bbox 809 2593 839 2642; x_wconf 92' lang='lat' dir='ltr'>et</span> <span class='ocrx_word' id='word_1_189' title='bbox 859 2582 1086 2654; x_wconf 89' lang='lat' dir='ltr'>Nomentanum,</span> 
     </span>
     <span class='ocr_line' id='line_1_28' title="bbox 177 2661 1086 2742; baseline -0.002 -20"><span class='ocrx_word' id='word_1_190' title='bbox 177 2665 320 2723; x_wconf 88' lang='lat' dir='ltr'>rusticum</span> <span class='ocrx_word' id='word_1_191' title='bbox 334 2665 475 2742; x_wconf 78' lang='lat' dir='ltr'>praedium</span> <span class='ocrx_word' id='word_1_192' title='bbox 486 2685 493 2723; x_wconf 77' lang='grc' dir='ltr'><strong>ε</strong></span> <span class='ocrx_word' id='word_1_193' title='bbox 514 2666 665 2742; x_wconf 85' lang='lat' dir='ltr'>omnisque</span> <span class='ocrx_word' id='word_1_194' title='bbox 675 2665 740 2742; x_wconf 89' lang='lat' dir='ltr'>ejus</span> <span class='ocrx_word' id='word_1_195' title='bbox 752 2664 886 2742; x_wconf 81' lang='lat' dir='ltr'>pecuniae</span> <span class='ocrx_word' id='word_1_196' title='bbox 900 2661 1008 2722; x_wconf 90' lang='lat' dir='ltr'>reditus</span> <span class='ocrx_word' id='word_1_197' title='bbox 1021 2679 1086 2721; x_wconf 91' lang='lat' dir='ltr'>con-</span> 
     </span>
     <span class='ocr_line' id='line_1_29' title="bbox 177 2741 1087 2822; baseline -0.003 -19"><span class='ocrx_word' id='word_1_198' title='bbox 177 2743 273 2803; x_wconf 88' lang='lat' dir='ltr'>stabat</span> <span class='ocrx_word' id='word_1_199' title='bbox 286 2744 317 2801; x_wconf 89' lang='lat' dir='ltr'>in</span> <span class='ocrx_word' id='word_1_200' title='bbox 331 2743 488 2821; x_wconf 85' lang='lat' dir='ltr'>Epiroticis</span> <span class='ocrx_word' id='word_1_201' title='bbox 501 2755 530 2802; x_wconf 90' lang='lat' dir='ltr'>et</span> <span class='ocrx_word' id='word_1_202' title='bbox 551 2745 672 2803; x_wconf 84' lang='lat' dir='ltr'>urbanis</span> <span class='ocrx_word' id='word_1_203' title='bbox 690 2742 927 2822; x_wconf 90' lang='lat' dir='ltr'>possessionibus.</span> <span class='ocrx_word' id='word_1_204' title='bbox 967 2741 1016 2802; x_wconf 85' lang='lat' dir='ltr'>Ex</span> <span class='ocrx_word' id='word_1_205' title='bbox 1029 2759 1087 2819; x_wconf 89' lang='lat' dir='ltr'>quo</span> 
     </span>
    </p>

    <p class='ocr_par' dir='ltr' id='par_1_5' title="bbox 243 2821 1100 2961">
     <span class='ocr_line' id='line_1_30' title="bbox 253 2821 1085 2901; baseline 0 -21"><span class='ocrx_word' id='word_1_206' title='bbox 253 2823 315 2880; x_wconf 89' lang='lat' dir='ltr'>osci</span> <span class='ocrx_word' id='word_1_207' title='bbox 336 2833 436 2900; x_wconf 88' lang='lat' dir='ltr'>potest,</span> <span class='ocrx_word' id='word_1_208' title='bbox 452 2841 539 2882; x_wconf 89' lang='lat' dir='ltr'>usum</span> <span class='ocrx_word' id='word_1_209' title='bbox 553 2843 619 2883; x_wconf 91' lang='lat' dir='ltr'>eum</span> <span class='ocrx_word' id='word_1_210' title='bbox 642 2824 776 2901; x_wconf 71' lang='lat' dir='ltr'>pecunia</span> <span class='ocrx_word' id='word_1_211' title='bbox 797 2839 856 2880; x_wconf 89' lang='lat' dir='ltr'>non</span> <span class='ocrx_word' id='word_1_212' title='bbox 877 2821 1085 2900; x_wconf 83' lang='lat' dir='ltr'>magnitudine,</span> 
     </span>
     <span class='ocr_line' id='line_1_31' title="bbox 243 2903 1100 2961; baseline 0.006 -2"><span class='ocrx_word' id='word_1_213' title='bbox 243 2903 352 2960; x_wconf 88' lang='lat' dir='ltr'>ratione</span> <span class='ocrx_word' id='word_1_214' title='bbox 367 2903 462 2961; x_wconf 91' lang='lat' dir='ltr'>metiri</span> <span class='ocrx_word' id='word_1_215' title='bbox 475 2903 602 2961; x_wconf 91' lang='lat' dir='ltr'>solitum.</span> <span class='ocrx_word' id='word_1_216' title='bbox 1098 2913 1100 2920; x_wconf 91' lang='lat'>&#39;</span> 
     </span>
    </p>

    <p class='ocr_par' dir='ltr' id='par_1_6' title="bbox 179 2979 1125 3376">
     <span class='ocr_line' id='line_1_32' title="bbox 219 2979 1125 3059; baseline -0.001 -21"><span class='ocrx_word' id='word_1_217' title='bbox 219 2979 287 3039; x_wconf 87' lang='lat' dir='ltr'>XV.</span> <span class='ocrx_word' id='word_1_218' title='bbox 309 2980 497 3041; x_wconf 87' lang='lat' dir='ltr'>Mendacium</span> <span class='ocrx_word' id='word_1_219' title='bbox 510 2999 605 3059; x_wconf 89' lang='lat' dir='ltr'>neque</span> <span class='ocrx_word' id='word_1_220' title='bbox 626 2981 749 3053; x_wconf 89' lang='lat' dir='ltr'>dicebat,</span> <span class='ocrx_word' id='word_1_221' title='bbox 764 2999 859 3059; x_wconf 87' lang='lat' dir='ltr'>neque</span> <span class='ocrx_word' id='word_1_222' title='bbox 881 2981 941 3058; x_wconf 88' lang='lat' dir='ltr'>pati</span> <span class='ocrx_word' id='word_1_223' title='bbox 964 2989 1085 3058; x_wconf 86' lang='lat' dir='ltr'>potarat.</span> <span class='ocrx_word' id='word_1_224' title='bbox 1109 2982 1125 3037; x_wconf 94' lang='lat'>1</span> 
     </span>
     <span class='ocr_line' id='line_1_33' title="bbox 179 3057 1086 3138; baseline 0.001 -20"><span class='ocrx_word' id='word_1_225' title='bbox 179 3057 281 3136; x_wconf 82' lang='lat' dir='ltr'>Itaque</span> <span class='ocrx_word' id='word_1_226' title='bbox 294 3059 359 3136; x_wconf 85' lang='lat' dir='ltr'>ejus</span> <span class='ocrx_word' id='word_1_227' title='bbox 371 3061 492 3120; x_wconf 87' lang='lat' dir='ltr'>comitas</span> <span class='ocrx_word' id='word_1_228' title='bbox 504 3079 563 3120; x_wconf 91' lang='lat' dir='ltr'>non</span> <span class='ocrx_word' id='word_1_229' title='bbox 576 3062 639 3120; x_wconf 87' lang='lat' dir='ltr'>sine</span> <span class='ocrx_word' id='word_1_230' title='bbox 657 3061 811 3122; x_wconf 86' lang='lat' dir='ltr'>severitate</span> <span class='ocrx_word' id='word_1_231' title='bbox 825 3069 896 3129; x_wconf 89' lang='lat' dir='ltr'>erat,</span> <span class='ocrx_word' id='word_1_232' title='bbox 911 3078 1007 3137; x_wconf 87' lang='lat' dir='ltr'>nequa</span> <span class='ocrx_word' id='word_1_233' title='bbox 1020 3078 1086 3138; x_wconf 86' lang='lat' dir='ltr'>gra·</span> 
     </span>
     <span class='ocr_line' id='line_1_34' title="bbox 179 3138 1087 3210; baseline 0 -14"><span class='ocrx_word' id='word_1_234' title='bbox 179 3139 254 3198; x_wconf 84' lang='lat' dir='ltr'>vitas</span> <span class='ocrx_word' id='word_1_235' title='bbox 273 3140 336 3198; x_wconf 85' lang='lat' dir='ltr'>sine</span> <span class='ocrx_word' id='word_1_236' title='bbox 360 3138 509 3210; x_wconf 82' lang='lat' dir='ltr'>facilitate,</span> <span class='ocrx_word' id='word_1_237' title='bbox 526 3149 558 3199; x_wconf 88' lang='lat' dir='ltr'>ut</span> <span class='ocrx_word' id='word_1_238' title='bbox 579 3139 696 3200; x_wconf 86' lang='lat' dir='ltr'>difficile</span> <span class='ocrx_word' id='word_1_239' title='bbox 716 3150 793 3199; x_wconf 87' lang='lat' dir='ltr'>esset</span> <span class='ocrx_word' id='word_1_240' title='bbox 814 3139 973 3210; x_wconf 84' lang='lat' dir='ltr'>intellectu,</span> <span class='ocrx_word' id='word_1_241' title='bbox 989 3149 1087 3198; x_wconf 87' lang='lat' dir='ltr'>utrum</span> 
     </span>
     <span class='ocr_line' id='line_1_35' title="bbox 180 3217 1087 3296; baseline -0.001 -20"><span class='ocrx_word' id='word_1_242' title='bbox 180 3235 248 3276; x_wconf 88' lang='lat' dir='ltr'>eum</span> <span class='ocrx_word' id='word_1_243' title='bbox 272 3219 361 3277; x_wconf 89' lang='lat' dir='ltr'>amici</span> <span class='ocrx_word' id='word_1_244' title='bbox 381 3219 476 3296; x_wconf 84' lang='lat' dir='ltr'>magis</span> <span class='ocrx_word' id='word_1_245' title='bbox 496 3230 677 3291; x_wconf 85' lang='lat' dir='ltr'>vererentur,</span> <span class='ocrx_word' id='word_1_246' title='bbox 691 3237 730 3278; x_wconf 89' lang='lat' dir='ltr'>an</span> <span class='ocrx_word' id='word_1_247' title='bbox 753 3227 896 3278; x_wconf 89' lang='lat' dir='ltr'>amarent.</span> <span class='ocrx_word' id='word_1_248' title='bbox 937 3217 1087 3296; x_wconf 84' lang='lat' dir='ltr'>Quidquid</span> 
     </span>
     <span class='ocr_line' id='line_1_36' title="bbox 180 3296 1088 3376; baseline 0.001 -22"><span class='ocrx_word' id='word_1_249' title='bbox 180 3297 345 3373; x_wconf 82' lang='lat' dir='ltr'>rogabatur,</span> <span class='ocrx_word' id='word_1_250' title='bbox 357 3296 493 3376; x_wconf 86' lang='lat' dir='ltr'>religiose</span> <span class='ocrx_word' id='word_1_251' title='bbox 506 3299 704 3376; x_wconf 84' lang='lat' dir='ltr'>promittebat:</span> <span class='ocrx_word' id='word_1_252' title='bbox 724 3299 801 3376; x_wconf 89' lang='lat' dir='ltr'>quod</span> <span class='ocrx_word' id='word_1_253' title='bbox 814 3317 872 3356; x_wconf 92' lang='lat' dir='ltr'>non</span> <span class='ocrx_word' id='word_1_254' title='bbox 884 3297 1024 3369; x_wconf 89' lang='lat' dir='ltr'>liberalis,</span> <span class='ocrx_word' id='word_1_255' title='bbox 1037 3296 1088 3355; x_wconf 87' lang='lat' dir='ltr'>sed</span> 
     </span>
    </p>
   </div>
   <div class='ocr_carea' id='block_1_3' title="bbox 178 3375 1127 3844">
    <p class='ocr_par' dir='ltr' id='par_1_7' title="bbox 178 3375 1127 3844">
     <span class='ocr_line' id='line_1_37' title="bbox 180 3375 1085 3454; baseline 0 -22"><span class='ocrx_word' id='word_1_256' title='bbox 180 3375 254 3433; x_wconf 84' lang='lat' dir='ltr'>levis</span> <span class='ocrx_word' id='word_1_257' title='bbox 274 3377 481 3446; x_wconf 86' lang='lat' dir='ltr'>arbitrabatur,</span> <span class='ocrx_word' id='word_1_258' title='bbox 495 3377 635 3454; x_wconf 90' lang='lat' dir='ltr'>pollicari,</span> <span class='ocrx_word' id='word_1_259' title='bbox 649 3377 726 3454; x_wconf 93' lang='lat' dir='ltr'>quod</span> <span class='ocrx_word' id='word_1_260' title='bbox 747 3386 883 3454; x_wconf 80' lang='lat' dir='ltr'>praestare</span> <span class='ocrx_word' id='word_1_261' title='bbox 903 3395 960 3436; x_wconf 90' lang='lat' dir='ltr'>non</span> <span class='ocrx_word' id='word_1_262' title='bbox 981 3385 1085 3454; x_wconf 89' lang='lat' dir='ltr'>posset.</span> 
     </span>
     <span class='ocr_line' id='line_1_38' title="bbox 180 3451 1127 3532; baseline 0 -20"><span class='ocrx_word' id='word_1_263' title='bbox 180 3451 260 3512; x_wconf 88' lang='lat' dir='ltr'>Idem</span> <span class='ocrx_word' id='word_1_264' title='bbox 277 3454 309 3513; x_wconf 88' lang='lat' dir='ltr'>in</span> <span class='ocrx_word' id='word_1_265' title='bbox 325 3455 451 3527; x_wconf 89' lang='lat' dir='ltr'>nitendo,</span> <span class='ocrx_word' id='word_1_266' title='bbox 466 3455 542 3532; x_wconf 91' lang='lat' dir='ltr'>quod</span> <span class='ocrx_word' id='word_1_267' title='bbox 556 3457 646 3515; x_wconf 85' lang='lat' dir='ltr'>semel</span> <span class='ocrx_word' id='word_1_268' title='bbox 660 3457 819 3526; x_wconf 88' lang='lat' dir='ltr'>annuisset,</span> <span class='ocrx_word' id='word_1_269' title='bbox 833 3466 913 3515; x_wconf 90' lang='lat' dir='ltr'>tanta</span> <span class='ocrx_word' id='word_1_270' title='bbox 927 3467 991 3516; x_wconf 90' lang='lat' dir='ltr'>arat</span> <span class='ocrx_word' id='word_1_271' title='bbox 1003 3471 1087 3525; x_wconf 86' lang='lat' dir='ltr'>cura,</span> <span class='ocrx_word' id='word_1_272' title='bbox 1108 3457 1127 3512; x_wconf 78' lang='lat'><em>2</em></span> 
     </span>
     <span class='ocr_line' id='line_1_39' title="bbox 179 3533 1088 3612; baseline -0.002 -22"><span class='ocrx_word' id='word_1_273' title='bbox 179 3541 212 3592; x_wconf 88' lang='lat' dir='ltr'>ut</span> <span class='ocrx_word' id='word_1_274' title='bbox 225 3551 283 3592; x_wconf 89' lang='lat' dir='ltr'>non</span> <span class='ocrx_word' id='word_1_275' title='bbox 296 3534 473 3606; x_wconf 83' lang='lat' dir='ltr'>mandatam,</span> <span class='ocrx_word' id='word_1_276' title='bbox 485 3534 536 3594; x_wconf 91' lang='lat' dir='ltr'>sed</span> <span class='ocrx_word' id='word_1_277' title='bbox 544 3553 628 3594; x_wconf 87' lang='lat' dir='ltr'>suam</span> <span class='ocrx_word' id='word_1_278' title='bbox 643 3553 706 3593; x_wconf 88' lang='lat' dir='ltr'>rem</span> <span class='ocrx_word' id='word_1_279' title='bbox 714 3536 862 3595; x_wconf 87' lang='lat' dir='ltr'>videretur</span> <span class='ocrx_word' id='word_1_280' title='bbox 874 3554 972 3612; x_wconf 91' lang='lat' dir='ltr'>agere.</span> <span class='ocrx_word' id='word_1_281' title='bbox 993 3533 1088 3592; x_wconf 88' lang='lat' dir='ltr'>Num·</span> 
     </span>
     <span class='ocr_line' id='line_1_40' title="bbox 178 3610 1089 3692; baseline -0.005 -21"><span class='ocrx_word' id='word_1_282' title='bbox 178 3629 268 3688; x_wconf 88' lang='lat' dir='ltr'>quam</span> <span class='ocrx_word' id='word_1_283' title='bbox 281 3614 409 3691; x_wconf 87' lang='lat' dir='ltr'>suscepti</span> <span class='ocrx_word' id='word_1_284' title='bbox 423 3614 532 3692; x_wconf 89' lang='lat' dir='ltr'>negotii</span> <span class='ocrx_word' id='word_1_285' title='bbox 551 3633 620 3674; x_wconf 88' lang='lat' dir='ltr'>eum</span> <span class='ocrx_word' id='word_1_286' title='bbox 641 3624 796 3692; x_wconf 75' lang='lat' dir='ltr'>pertesum</span> <span class='ocrx_word' id='word_1_287' title='bbox 809 3623 863 3672; x_wconf 89' lang='lat' dir='ltr'>est.</span> <span class='ocrx_word' id='word_1_288' title='bbox 905 3615 997 3671; x_wconf 85' lang='lat' dir='ltr'>Suam</span> <span class='ocrx_word' id='word_1_289' title='bbox 1010 3610 1089 3668; x_wconf 89' lang='lat' dir='ltr'>enim</span> 
     </span>
     <span class='ocr_line' id='line_1_41' title="bbox 179 3688 1089 3773; baseline -0.001 -25"><span class='ocrx_word' id='word_1_290' title='bbox 179 3689 423 3752; x_wconf 79' lang='lat' dir='ltr'>existimationem</span> <span class='ocrx_word' id='word_1_291' title='bbox 436 3693 467 3752; x_wconf 91' lang='lat' dir='ltr'>in</span> <span class='ocrx_word' id='word_1_292' title='bbox 482 3713 519 3752; x_wconf 85' lang='lat' dir='ltr'>aa</span> <span class='ocrx_word' id='word_1_293' title='bbox 532 3713 565 3754; x_wconf 91' lang='lat' dir='ltr'>re</span> <span class='ocrx_word' id='word_1_294' title='bbox 578 3696 628 3773; x_wconf 90' lang='lat' dir='ltr'>agi</span> <span class='ocrx_word' id='word_1_295' title='bbox 648 3695 785 3771; x_wconf 88' lang='lat' dir='ltr'>putabat:</span> <span class='ocrx_word' id='word_1_296' title='bbox 806 3711 866 3769; x_wconf 91' lang='lat' dir='ltr'>qua</span> <span class='ocrx_word' id='word_1_297' title='bbox 878 3691 951 3748; x_wconf 89' lang='lat' dir='ltr'>nihil</span> <span class='ocrx_word' id='word_1_298' title='bbox 965 3688 1089 3747; x_wconf 87' lang='lat' dir='ltr'>habebat</span> 
     </span>
     <span class='ocr_line' id='line_1_42' title="bbox 178 3765 1127 3844; baseline -0.001 -16"><span class='ocrx_word' id='word_1_299' title='bbox 178 3769 289 3828; x_wconf 71' lang='lat' dir='ltr'>canus.</span> <span class='ocrx_word' id='word_1_300' title='bbox 330 3771 399 3838; x_wconf 87' lang='lat' dir='ltr'>Quo</span> <span class='ocrx_word' id='word_1_301' title='bbox 412 3771 508 3843; x_wconf 86' lang='lat' dir='ltr'>fiebat,</span> <span class='ocrx_word' id='word_1_302' title='bbox 520 3782 553 3832; x_wconf 90' lang='lat' dir='ltr'>ut</span> <span class='ocrx_word' id='word_1_303' title='bbox 565 3774 663 3831; x_wconf 87' lang='lat' dir='ltr'>omnia</span> <span class='ocrx_word' id='word_1_304' title='bbox 672 3772 856 3839; x_wconf 86' lang='lat' dir='ltr'>Ciceronum,</span> <span class='ocrx_word' id='word_1_305' title='bbox 871 3768 996 3837; x_wconf 79' lang='lat' dir='ltr'>Catonis,</span> <span class='ocrx_word' id='word_1_306' title='bbox 1012 3765 1088 3844; x_wconf 89' lang='lat' dir='ltr'>[Ma-</span> <span class='ocrx_word' id='word_1_307' title='bbox 1109 3769 1127 3827; x_wconf 78' lang='lat'><em>8</em></span> 
     </span>
    </p>
   </div>
   <div class='ocr_carea' id='block_1_4' title="bbox 0 0 1351 4304">
    <p class='ocr_par' dir='ltr' id='par_1_8' title="bbox 0 0 1351 4304">
     <span class='ocr_line' id='line_1_43' title="bbox 0 0 1351 4304; baseline 0 0"><span class='ocrx_word' id='word_1_308' title='bbox 0 0 1351 4304; x_wconf 95' lang='lat' dir='ltr'> </span> 
     </span>
    </p>
   </div>
  </div>
 </body>
</html>
