2680 4304
375 335 498 402 xvnl.
546 345 594 414 ιι,
612 345 660 402 re.
705 335 903 421 (dmm.)
1056 344 1099 402 rs

177 489 308 567 colloqui
332 491 536 568 consolarique
557 501 699 568 cuperent
709 510 720 563 ;
742 491 827 550 multi
847 493 946 562 etiem,
959 493 1012 568 qui
1031 491 1099 570 eju

176 568 303 627 sormam
322 589 502 647 cognoscere
515 570 678 640 studebant,
699 570 796 646 qualis
815 581 903 639 esset,
921 589 1010 646 quem
1023 581 1096 630 tam

175 649 223 706 diu
245 659 371 724 temque
386 648 472 706 vslde
486 650 657 718 timuissent,
671 651 760 725 cujus
779 650 810 706 in
824 651 954 724 pernicie
974 651 1097 725 positam

173 746 256 802 spem
271 727 447 784 habuissent
462 729 601 786 victorie.
643 729 686 784 At
706 727 865 796 Eumenes,
880 747 972 803 quum
986 727 1096 788 diutius
1114 733 1135 788 Ι

172 807 202 862 in
217 806 354 864 vinculis
373 817 461 875 esset,
477 807 518 864 ait
541 805 736 876 Onomarcho,
761 825 850 881 penes
872 826 960 882 quem
980 825 1096 866 summa

173 885 294 960 imperii
309 893 374 940 erat
385 885 535 953 custodia,
545 904 577 941 se
590 886 701 954 mirari,
710 903 803 960 quare
813 885 877 960 jum
891 887 1008 944 tertium
1016 885 1093 944 diem

171 963 215 1020 sie
241 972 417 1020 teneretur:
438 980 496 1019 nou
518 963 596 1020 enim
620 963 675 1020 boc
689 965 845 1022 convenire
866 965 1006 1041 Antigoni
1026 983 1093 1041 pru-

171 1040 293 1110 dentiae,
311 1051 344 1098 ut
365 1042 410 1097 sic
430 1040 600 1098 deuteretur
614 1043 711 1114 victo;
734 1043 805 1118 quin
819 1055 872 1100 aut
895 1043 1029 1112 interfici,
1044 1053 1094 1100 aut

172 1121 301 1177 missum
323 1119 388 1176 fieri
407 1120 536 1196 juberet.
578 1119 636 1177 Hic
656 1139 747 1195 quum
769 1121 896 1178 ferocius
909 1120 1094 1180 Onomarcho
1113 1128 1132 1180 t

172 1198 257 1274 loqui
271 1197 431 1268 videretur,
446 1201 539 1274 quid?
559 1208 598 1267 ta,
612 1200 715 1274 iuquit,
735 1201 828 1256 asino
840 1202 869 1256 ri
887 1201 940 1257 isto
952 1219 1028 1268 cras,
1041 1219 1094 1258 cur

172 1279 278 1335 nonin
294 1277 535 1350 predocccidr'rti
548 1281 652 1351 podas
666 1297 749 1354 quem
769 1279 799 1334 ιἰι
814 1287 976 1351 potestaten
989 1281 1095 1336 inimici

173 1358 319 1414 venires?
340 1354 420 1412 Huic
434 1355 1133 1431 Eumenmmamquddmisudmtuets

177 1436 560 1510 sedecooncccidmuad
577 1455 729 1510 nunquam
746 1433 1094 1511 consortioremcoa·

178 1530 314 1588 gressu
355 1509 504 1571 Ncocoim
524 1533 587 1570 cam
609 1532 838 1588 quoquemcmm
862 1515 1095 1587 rosuliqsisr's

179 1590 448 1648 adimerem.
490 1590 761 1650 Nonmimnirtutc
780 1592 908 1659 locem,
928 1593 1093 1648 ιιιίιιιιιὶω-

176 1688 245 1727 rum
353 1670 359 1682 ’
389 1672 492 1728 decidi.
535 1671 657 1747 [Neque
677 1670 707 1727 id
729 1669 847 1728 salsum.
887 1669 967 1728 Natu
981 1681 1011 1728 et
1032 1669 1093 1748 dig·

173 1749 269 1805 nitate
299 1748 340 1804 uit
353 1747 484 1818 honesta,
498 1761 527 1807 et
541 1751 653 1807 viribus
667 1749 704 1806 ed
725 1749 855 1806 laborem
877 1747 1028 1806 serendum
1045 1750 1092 1806 fir-

173 1827 241 1897 mis,
256 1845 355 1901 neque
370 1837 430 1884 tam
445 1846 551 1905 magno
564 1846 694 1904 corpore,
708 1845 798 1904 quam
812 1827 910 1906 figura
924 1828 1072 1906 venuste]

215 1904 288 1964 XII.
310 1903 357 1962 De
372 1906 428 1964 hoo
443 1907 609 1984 Antigonus
632 1925 723 1982 quum
746 1905 826 1964 solus
845 1907 1020 1964 constituere
1034 1925 1090 1964 mn
1113 1909 1129 1962 l

171 1984 309 2053 auderet,
320 1983 358 2040 ad
372 1985 529 2042 consilium
543 1986 653 2043 retulit.
694 1978 753 2042 Hic
766 2003 858 2060 quum
872 1987 967 2062 primo
980 1997 1091 2062 pertur-

172 2063 233 2121 bati
250 2062 480 2134 admirarentur,
494 2083 552 2121 non
562 2064 624 2140 jam
638 2063 674 2121 de
684 2083 719 2121 eo
732 2074 861 2121 sumtum
874 2083 940 2122 we
953 2065 1091 2140 supplici-

173 2160 234 2212 um,
253 2161 273 2200 a
286 2160 346 2217 quo
360 2151 402 2199 tot
416 2161 507 2199 annos
520 2142 591 2200 adeo
604 2151 701 2200 essent
714 2143 791 2199 male
804 2143 902 2211 habiti,
919 2153 951 2200 ut
964 2161 1041 2217 ape
1055 2141 1092 2198 ad

171 2219 411 2297 desperationem
435 2220 528 2278 forent
551 2214 687 2294 adducti3
709 2222 819 2297 quique
840 2222 982 2278 maximos
1001 2219 1093 2276 duces

172 2297 395 2370 interfecisset3
428 2298 553 2374 denique
580 2301 612 2356 iu
638 2319 697 2376 quo
719 2318 779 2356 uno
802 2309 878 2355 esset
904 2309 1027 2366 mnmm,
1051 2301 1133 2366 ut,2

171 2377 273 2452 quoad
287 2378 338 2434 ille
352 2377 476 2446 viveret,
490 2379 546 2454 ipsi
559 2381 657 2436 securi
671 2397 736 2436 esse
749 2395 808 2434 nou
821 2385 945 2451 possent,
959 2373 1093 2432 intertec

173 2467 210 2525 to,
220 2457 299 2514 nihil
312 2454 442 2514 babituri
453 2458 559 2534 negotii
567 2468 681 2516 essent:
703 2455 891 2532 postremosi
905 2453 949 2510 illi
963 2451 1094 2510 redderet

172 2535 313 2606 alutem,
328 2535 509 2612 quterebant,
523 2537 631 2612 quibus
653 2535 758 2592 amicis
777 2541 854 2590 esset
878 2530 1009 2588 usunrsl
1029 2549 1094 2588 sese

173 2616 343 2674 enimcum
357 2615 494 2674 Eumene
514 2614 590 2691 apud
610 2632 680 2672 eum
693 2631 751 2670 non
776 2610 900 2668 futuros.
941 2609 1011 2679 Hic,
1025 2628 1091 2686 cog·
1113 2613 1132 2666 3

174 2694 241 2750 nita
254 2694 372 2752 consilii
392 2693 550 2762 voluntate,
565 2705 664 2751 tamen
679 2709 773 2767 usque
790 2689 826 2746 ad
845 2689 1002 2765 septimum
1015 2687 1092 2746 diem

175 2771 364 2830 deliberandi
385 2772 441 2830 sibi
461 2773 587 2848 spatium
607 2771 736 2846 reliquit.
778 2767 858 2826 Tum
876 2779 986 2838 autem,
999 2787 1092 2844 quum

176 2850 240 2928 jam
254 2861 418 2920 vereretur,
432 2869 471 2908 ne
494 2869 555 2926 qua
566 2850 671 2908 seditio
690 2848 838 2906 exercitus
850 2848 986 2917 oriretur,
1001 2847 1093 2904 vetuit

176 2929 215 2986 ad
231 2947 301 2986 euru
315 2948 495 3005 quemquam
503 2929 624 2998 admitti,
633 2939 663 2986 et
676 2926 876 3004 quotidianum
890 2927 1001 2984 vietum
1015 2943 1092 2982 amo·

178 3007 243 3064 veri
265 3007 364 3083 jussit.
407 3007 488 3066 Nam
511 3008 647 3083 negabat,
667 3026 700 3064 se
724 3006 753 3062 ei
774 3005 834 3062 vim
858 3003 1027 3072 allatmum,
1041 3003 1092 3077 qui

178 3085 338 3161 aliquando
361 3088 464 3144 luisset
487 3087 614 3144 amicus.
669 3083 729 3142 Hic
756 3093 855 3141 tamen
875 3100 934 3140 nou
957 3080 1092 3156 amplius,
1113 3085 1131 3140 4

178 3183 271 3239 quam
285 3163 425 3235 triduum,
436 3163 513 3223 fame
527 3163 674 3242 fatigatus,
682 3180 777 3239 quum
789 3170 888 3218 castra
897 3169 1092 3231 moverentur,

180 3244 325 3301 2nsciente
338 3244 497 3321 Antigono,
507 3243 663 3320 jugulatus
676 3251 721 3298 est
733 3261 752 3298 a
765 3238 944 3298 custodibus.

222 3320 305 3380 Xlll.
326 3321 378 3380 Sic
392 3322 543 3380 Eumenes
556 3338 698 3378 annorum
706 3319 836 3395 quinque
849 3327 879 3374 et
891 3316 1092 3392 quadraginta,
1115 3321 1130 3374 1

180 3417 273 3474 quum
292 3401 331 3458 ab
350 3419 429 3458 anno
449 3399 598 3467 vicesimo,
620 3408 652 3456 ut
671 3415 761 3473 supro
780 3394 965 3465 ostendimus,
985 3405 1095 3470 septem

182 3495 275 3536 ennos
295 3477 428 3555 Philippo
441 3478 633 3554 apparuisset,
651 3487 681 3534 et
705 3474 847 3533 tredecim
860 3471 938 3549 apud
961 3471 1091 3530 Alexan-

182 3553 269 3612 drum
283 3557 420 3614 eumdem
433 3556 531 3614 locum
544 3555 722 3624 obtinuisset,
736 3555 768 3610 in
788 3553 834 3610 bis
854 3569 947 3624 unum
964 3549 1095 3623 equitum

184 3632 240 3691 alte
261 3633 434 3712 prefuisset,
455 3643 518 3711 post
541 3643 640 3692 autem
661 3630 826 3690 Alexandri
850 3627 952 3703 Magni
975 3634 1096 3684 mortem

185 3711 342 3789 imperator
354 3715 504 3772 exercitus
516 3711 654 3781 duxiaeet,
669 3725 857 3782 summosque
879 3703 971 3762 duces
991 3704 1096 3780 partim
