2680 4304
261 393 304 453 98
361 386 470 451 XXV.
513 393 544 462 2,
559 391 589 449 3.
635 383 688 468 (Τ.
705 381 901 468 Pomponius
919 383 1067 467 Auum.)

277 539 472 599 renunciaret.
503 538 573 605 Qua
585 555 623 597 ex
638 555 670 596 re
683 538 715 595 in
728 535 854 614 pueritie
866 536 973 595 nobilis
985 538 1060 596 inter
1073 557 1170 614 nequa.

257 559 300 677 les
311 617 468 688 serebatur,
477 617 645 694 clariusque
659 615 925 693 exsplendesoebat,
934 635 1023 692 quam
1036 619 1170 696 generosi

216 699 236 756 t
256 697 447 774 condiscipuli
460 697 557 755 animo
570 715 654 771 aequo
668 694 744 753 ferre
759 703 883 772 possent.
920 694 1021 772 ltaque
1032 697 1171 756 incitabat

253 795 354 834 omnes
368 776 463 835 studio
472 791 546 848 suot
567 793 626 852 quo
639 775 669 832 iu
678 791 801 832 numero
815 772 934 832 inerunt
943 773 979 832 1..
992 773 1169 852 Torquatus,

254 855 290 914 C.
306 854 421 913 Marius
440 855 529 926 filius,
544 854 586 912 M.
601 853 722 912 Cicero:
743 871 816 928 quos
829 853 1037 912 consuetudine
1057 873 1113 912 sua
1126 857 1170 914 siu

178 989 182 996 ,
254 934 311 992 sibi
324 933 463 1004 devinxit,
478 943 511 991 ut
524 951 610 992 nemo
623 934 660 990 iis
674 941 813 1009 perpetuo
827 931 915 989 inerit
928 933 1034 990 carior.

216 1015 232 1070 l
295 1012 335 1072 ll.
356 1013 443 1071 Pater
456 1022 571 1072 mature
585 1012 720 1070 decessit.
756 1009 821 1086 lpse
836 1010 1073 1070 adolescentulus
1086 1031 1168 1092 prop-

253 1099 301 1150 ter
314 1091 482 1151 affinitatem
496 1091 529 1148 P.
545 1090 680 1167 Sulpicii,
701 1090 752 1168 qui
766 1089 901 1148 tribunus
921 1089 1014 1166 plebis
1034 1090 1168 1150 intersec-

254 1179 302 1228 tus
315 1180 369 1242 est,
383 1188 440 1228 non
454 1187 559 1246 expers
573 1168 628 1228 fuit
640 1169 722 1226 illius
735 1167 870 1245 periculi.
896 1168 1034 1244 Namque
1049 1170 1168 1242 Anicia,

256 1248 404 1326 Pomponii
418 1249 598 1318 consobrine,
607 1257 746 1324 nupserat
761 1246 802 1303 M.
813 1246 924 1318 Servio,
935 1245 1017 1305 fratri
1030 1247 1166 1326 Sulpicii.

215 1329 234 1384 2
255 1327 357 1405 ltaque
380 1326 532 1387 interfecto
559 1327 692 1404 Sulpicio
719 1334 905 1404 posteaquem
927 1325 1008 1396 vids,
1035 1327 1168 1388 Cinnano

254 1407 381 1465 tumultu
395 1407 543 1465 civitatem
556 1425 621 1464 esse
635 1405 842 1482 perturbatam,
858 1423 953 1481 neque
966 1405 1022 1464 sibi
1046 1405 1110 1464 deri
1125 1407 1167 1465 ie.

252 1485 394 1546 cultatem
409 1503 461 1562 pro
481 1485 620 1562 dignitate
635 1483 761 1552 vivendi,
776 1485 849 1559 quin
869 1483 1040 1542 alterutram
1055 1495 1168 1560 partem

253 1563 420 1635 offenderet,
430 1564 592 1622 dissocietis
605 1563 711 1620 animis
724 1563 843 1631 civium,
853 1581 945 1638 quum
960 1563 1012 1620 elii
1025 1563 1166 1636 Sullanis,

224 1671 227 1676 ¹
254 1643 307 1702 elii
321 1643 462 1702 Cinnanis
477 1641 609 1700 faverent
628 1643 775 1719 pertibus:
797 1640 932 1699 idoneum
956 1651 1072 1718 tempus
1086 1654 1167 1702 ratus

254 1722 358 1780 studiis
371 1721 547 1798 obsequendi
561 1722 631 1790 suis,
645 1721 778 1778 Athenas
791 1739 822 1777 se
836 1720 967 1778 contulit.
1009 1721 1116 1798 Neque
1130 1742 1166 1781 eo

254 1801 354 1858 secius
375 1799 587 1858 adolescentem
609 1799 745 1869 Marium,
767 1800 876 1858 hostem
897 1799 1071 1873 judicatum,
1089 1799 1175 1877 juvit

214 1878 233 1932 ³
253 1879 356 1954 opibus
369 1879 450 1950 suis3
473 1879 559 1954 cujus
579 1877 681 1956 fugam
701 1879 827 1956 pecunia
840 1879 1014 1936 sublevavit.
1055 1880 1113 1950 Ac,
1128 1899 1166 1938 ne

252 1956 304 2013 ille
318 1957 511 2033 peregrinatio
524 1956 728 2014 detrimentum
742 1957 859 2034 aliquod
872 1957 989 2016 afferret
1002 1959 1045 2016 rei
1059 1957 1165 2017 semili-

253 2035 307 2104 ari,
319 2034 419 2093 ecdem
433 2052 571 2112 magnam
585 2045 697 2112 partem
711 2035 890 2094 fortunarum
900 2036 1015 2112 trajecit
1029 2057 1163 2099 suerum.

254 2112 313 2172 Hic
337 2113 379 2171 ite
392 2114 473 2183 vixit,
495 2123 527 2171 ut
547 2115 691 2172 universis
713 2116 941 2174 Atheniensibus
962 2118 1065 2175 merito
1089 2127 1165 2177 esset

179 2246 186 2256 ,
214 2191 234 2246 4
254 2193 432 2251 carissimus.
474 2192 555 2251 Nam
578 2204 682 2270 praeter
695 2195 830 2272 gretiam,
845 2213 911 2270 quos
932 2195 994 2270 jam
1008 2196 1039 2253 in
1054 2196 1164 2255 adoles

252 2271 371 2330 centulo
392 2289 500 2349 magna
521 2282 594 2342 erat,
609 2291 685 2350 eaepe
706 2274 768 2332 suis
790 2273 892 2350 opibus
912 2273 1040 2352 inopiam
1061 2295 1164 2336 eorurn

252 2350 400 2426 publicam
413 2350 531 2410 levavit.
557 2351 660 2418 Quum
674 2352 753 2421 enirn
766 2369 919 2410 versuram
934 2351 1032 2412 iacere
1046 2356 1164 2430 publice

251 2448 371 2488 neeesse
385 2440 471 2502 esset,
487 2449 580 2507 neque
592 2430 656 2506 ejus
669 2431 860 2490 conditionem
871 2449 987 2507 mquam
1000 2433 1163 2508 haberent;

251 2527 367 2586 semper
379 2528 411 2568 se
425 2509 604 2587 interposuit,
620 2521 708 2591 etque
722 2511 772 2580 ita,
787 2520 819 2568 ut
838 2528 934 2587 neque
956 2529 1077 2573 usuram
1100 2532 1163 2571 um-

251 2605 339 2664 quam
354 2588 392 2645 ab
415 2588 452 2645 iis
466 2590 621 2666 acceperit,
635 2595 730 2726 umus
753 2589 876 2666 longius,
891 2607 980 2665 quam
994 2589 1104 2648 dictum
1118 2613 1162 2650 es-

212 2661 303 2736 bset,
319 2665 396 2743 [eos]
420 2667 526 2726 debere
549 2687 651 2745 pessus
760 2667 846 2734 Quod
867 2679 1025 2746 utrumque
1039 2681 1102 2729 eret
1125 2673 1163 2730 iis

251 2743 389 2802 salutare.
431 2745 511 2802 Nam
525 2765 620 2824 neque
640 2746 815 2824 indulgendo
834 2748 1046 2808 inveterascere
1060 2769 1162 2810 eorum

251 2839 291 2880 ns
305 2821 432 2880 alienum
445 2825 615 2898 patiebatur,
624 2843 718 2900 neque
733 2826 960 2903 multiplicandis
973 2830 1070 2903 usuris
1083 2847 1161 2888 cres-

211 2899 230 2953 d
250 2918 328 2958 cere.
360 2900 454 2958 Auxit
465 2903 519 2960 hoc
533 2903 662 2961 officium
676 2904 734 2961 alia
747 2924 861 2981 quoque
875 2907 1058 2966 liberalitate.
1080 2907 1112 2966 N
1114 2927 1162 2966 em
1211 2923 1213 2928 ·

251 2980 402 3038 universos
416 2979 560 3038 frumento
573 2981 698 3050 donavit,
713 2983 754 3040 ita
768 2995 800 3041 ut
813 2985 936 3062 singulis
949 2996 1059 3063 septem
1074 2987 1161 3045 modii

250 3059 340 3116 tritici
354 3057 509 3117 darentur:
530 3060 581 3138 qui
591 3059 693 3118 modus
706 3080 851 3122 mensure
864 3063 1027 3123 medimnus
1036 3066 1161 3126 Athenis

211 3221 227 3277 1
252 3136 425 3276 apllelllalilli
443 3226 542 3276 autem
555 3219 600 3278 sio
613 3238 645 3278 se
658 3219 787 3297 gerebat,
802 3230 835 3278 ut
858 3223 1021 3282 communis
1042 3223 1160 3294 infimis,

248 3313 302 3371 par
328 3295 508 3373 principibus
530 3298 688 3357 videretur.
734 3299 804 3366 Quo
823 3298 934 3358 iactum
958 3310 1010 3371 est,
1034 3312 1066 3360 ut
1089 3303 1160 3362 huic

248 3393 347 3432 omnes
361 3375 492 3448 honores,
501 3396 573 3455 quos
587 3388 710 3456 possent,
720 3379 834 3456 publice
849 3379 997 3450 habereut,
1007 3381 1160 3456 civemque

202 3517 207 3528 ⁸
250 3451 349 3512 iacere
364 3454 530 3515 studerent:
551 3475 610 3534 quo
624 3458 764 3518 beneficio
777 3458 828 3516 ille
849 3459 892 3516 uti
905 3459 1008 3517 noluit.
1058 3459 1160 3536 [Quod

247 3532 380 3592 nonnulli
403 3533 444 3593 ita
467 3535 702 3614 interpretantur,
717 3537 810 3596 emitti
830 3538 978 3596 civitatem
995 3537 1160 3596 Romarm

209 3613 228 3670 2
248 3611 307 3670 alia
321 3611 459 3692 adscita]
499 3615 651 3682 Quamdiu
664 3615 756 3686 affuit,
771 3635 808 3674 ne
822 3635 881 3693 que
894 3617 950 3674 ribi
963 3625 1060 3676 statua
1074 3635 1159 3694 pone·

247 3699 337 3762 ratur,
362 3693 484 3768 restitit,
519 3695 625 3754 absens
651 3694 803 3772 prohibere
830 3713 888 3754 non
915 3695 1015 3772 potuit.
1056 3693 1159 3772 ltaque

247 3767 358 3846 aliquot
371 3770 426 3848 ipsi
436 3782 466 3832 et
479 3772 589 3833 Phidte
602 3774 675 3838 locis
684 3774 873 3832 rancdsnmis
881 3780 1057 3851 posuerunt:
1078 3773 1158 3834 hune
