<?xml version="1.0" encoding="UTF-8"?>
<!DOCTYPE html PUBLIC "-//W3C//DTD XHTML 1.0 Transitional//EN"
    "http://www.w3.org/TR/xhtml1/DTD/xhtml1-transitional.dtd">
<html xmlns="http://www.w3.org/1999/xhtml" xml:lang="en" lang="en">
 <head>
  <title>
</title>
<meta http-equiv="Content-Type" content="text/html;charset=utf-8" />
  <meta name='ocr-system' content='tesseract 3.04.00' />
  <meta name='ocr-capabilities' content='ocr_page ocr_carea ocr_par ocr_line ocrx_word'/>
</head>
<body>
  <div class='ocr_page' id='page_1' title='image "./corneliusneposw05nepogoog_0070.png"; bbox 0 0 2664 4296; ppageno 0'>
   <div class='ocr_carea' id='block_1_1' title="bbox 380 307 1095 394">
    <p class='ocr_par' dir='ltr' id='par_1_1' title="bbox 380 307 1095 394">
     <span class='ocr_line' id='line_1_1' title="bbox 380 307 1095 394; baseline -0.006 -18"><span class='ocrx_word' id='word_1_1' title='bbox 380 309 455 376; x_wconf 86' lang='lat' dir='ltr'><strong>XV.</strong></span> <span class='ocrx_word' id='word_1_2' title='bbox 499 315 528 384; x_wconf 76' lang='grc'><strong>7,·</strong></span> <span class='ocrx_word' id='word_1_3' title='bbox 547 315 596 390; x_wconf 72' lang='lat'><strong>8.¹</strong></span> <span class='ocrx_word' id='word_1_4' title='bbox 624 307 906 394; x_wconf 72' lang='lat' dir='ltr'><em>(Epaminondas.)</em></span> <span class='ocrx_word' id='word_1_5' title='bbox 1053 313 1095 372; x_wconf 75' lang='lat' dir='ltr'><strong>bu</strong></span> 
     </span>
    </p>
   </div>
   <div class='ocr_carea' id='block_1_2' title="bbox 187 459 1196 3337">
    <p class='ocr_par' dir='ltr' id='par_1_2' title="bbox 188 459 1196 1169">
     <span class='ocr_line' id='line_1_2' title="bbox 192 459 1099 540; baseline -0.006 -18"><span class='ocrx_word' id='word_1_6' title='bbox 192 462 323 534; x_wconf 74' lang='lat' dir='ltr'><strong>adrnism,</strong></span> <span class='ocrx_word' id='word_1_7' title='bbox 338 481 429 540; x_wconf 91' lang='lat' dir='ltr'><strong>quum</strong></span> <span class='ocrx_word' id='word_1_8' title='bbox 450 463 544 540; x_wconf 86' lang='lat' dir='ltr'><strong>patria</strong></span> <span class='ocrx_word' id='word_1_9' title='bbox 563 471 659 522; x_wconf 85' lang='lat' dir='ltr'><strong>essent</strong></span> <span class='ocrx_word' id='word_1_10' title='bbox 679 460 803 540; x_wconf 79' lang='lat' dir='ltr'>expulsi,</span> <span class='ocrx_word' id='word_1_11' title='bbox 824 463 954 538; x_wconf 81' lang='lat' dir='ltr'><strong>receptos</strong></span> <span class='ocrx_word' id='word_1_12' title='bbox 977 478 1041 519; x_wconf 86' lang='lat' dir='ltr'><strong>esse</strong></span> <span class='ocrx_word' id='word_1_13' title='bbox 1061 459 1099 518; x_wconf 88' lang='lat' dir='ltr'><strong>ab</strong></span> 
     </span>
     <span class='ocr_line' id='line_1_3' title="bbox 191 537 1136 618; baseline -0.001 -18"><span class='ocrx_word' id='word_1_14' title='bbox 191 542 430 600; x_wconf 82' lang='lat' dir='ltr'><strong>Atheniensibus.</strong></span> <span class='ocrx_word' id='word_1_15' title='bbox 484 540 543 600; x_wconf 83' lang='lat' dir='ltr'><strong>Sed</strong></span> <span class='ocrx_word' id='word_1_16' title='bbox 569 541 696 600; x_wconf 82' lang='lat' dir='ltr'><strong>maxime</strong></span> <span class='ocrx_word' id='word_1_17' title='bbox 723 541 788 618; x_wconf 90' lang='lat' dir='ltr'><strong>ejus</strong></span> <span class='ocrx_word' id='word_1_18' title='bbox 815 539 981 617; x_wconf 73' lang='lat' dir='ltr'>eloquentia</span> <span class='ocrx_word' id='word_1_19' title='bbox 1006 537 1136 599; x_wconf 76' lang='lat' dir='ltr'><strong>eluxitl</strong></span> 
     </span>
     <span class='ocr_line' id='line_1_4' title="bbox 189 618 1098 698; baseline -0.007 -19"><span class='ocrx_word' id='word_1_20' title='bbox 189 620 309 698; x_wconf 74' lang='lat' dir='ltr'><strong>Spartae,</strong></span> <span class='ocrx_word' id='word_1_21' title='bbox 324 621 414 698; x_wconf 79' lang='lat' dir='ltr'><strong>legati</strong></span> <span class='ocrx_word' id='word_1_22' title='bbox 438 629 504 678; x_wconf 86' lang='lat' dir='ltr'><strong>ante</strong></span> <span class='ocrx_word' id='word_1_23' title='bbox 527 639 657 697; x_wconf 85' lang='lat' dir='ltr'><strong>pugnem</strong></span> <span class='ocrx_word' id='word_1_24' title='bbox 679 618 879 680; x_wconf 75' lang='lat' dir='ltr'>Leuctricam.</span> <span class='ocrx_word' id='word_1_25' title='bbox 918 618 987 684; x_wconf 87' lang='lat' dir='ltr'><strong>Quo</strong></span> <span class='ocrx_word' id='word_1_26' title='bbox 1006 635 1098 694; x_wconf 91' lang='lat' dir='ltr'><strong>quum</strong></span> 
     </span>
     <span class='ocr_line' id='line_1_5' title="bbox 189 695 1196 776; baseline -0.004 -18"><span class='ocrx_word' id='word_1_27' title='bbox 189 700 319 758; x_wconf 90' lang='lat' dir='ltr'><strong>omnium</strong></span> <span class='ocrx_word' id='word_1_28' title='bbox 332 699 476 758; x_wconf 87' lang='lat' dir='ltr'><strong>sociorum</strong></span> <span class='ocrx_word' id='word_1_29' title='bbox 489 700 690 758; x_wconf 88' lang='lat' dir='ltr'><strong>convenissent</strong></span> <span class='ocrx_word' id='word_1_30' title='bbox 703 699 801 776; x_wconf 84' lang='lat' dir='ltr'><strong>legati,</strong></span> <span class='ocrx_word' id='word_1_31' title='bbox 816 715 913 756; x_wconf 88' lang='lat' dir='ltr'><strong>coram</strong></span> <span class='ocrx_word' id='word_1_32' title='bbox 927 695 1097 774; x_wconf 82' lang='lat' dir='ltr'><strong>frequentis-</strong></span> <span class='ocrx_word' id='word_1_33' title='bbox 1191 723 1196 734; x_wconf 93' lang='lat'>·</span> 
     </span>
     <span class='ocr_line' id='line_1_6' title="bbox 188 775 1096 856; baseline -0.004 -20"><span class='ocrx_word' id='word_1_34' title='bbox 188 779 262 836; x_wconf 89' lang='lat' dir='ltr'><strong>simo</strong></span> <span class='ocrx_word' id='word_1_35' title='bbox 275 778 453 856; x_wconf 73' lang='lat' dir='ltr'><strong>legationum</strong></span> <span class='ocrx_word' id='word_1_36' title='bbox 465 787 609 837; x_wconf 86' lang='lat' dir='ltr'><strong>conventu</strong></span> <span class='ocrx_word' id='word_1_37' title='bbox 629 779 673 836; x_wconf 91' lang='lat' dir='ltr'><strong>sic</strong></span> <span class='ocrx_word' id='word_1_38' title='bbox 693 775 980 837; x_wconf 83' lang='lat' dir='ltr'><strong>Laccdaemoniorum</strong></span> <span class='ocrx_word' id='word_1_39' title='bbox 998 785 1096 850; x_wconf 86' lang='lat' dir='ltr'><strong>tyran·</strong></span> 
     </span>
     <span class='ocr_line' id='line_1_7' title="bbox 188 851 1098 934; baseline -0.004 -20"><span class='ocrx_word' id='word_1_40' title='bbox 188 857 287 915; x_wconf 86' lang='lat' dir='ltr'><strong>uidem</strong></span> <span class='ocrx_word' id='word_1_41' title='bbox 301 851 442 934; x_wconf 78' lang='lat' dir='ltr'><strong>coarguit,</strong></span> <span class='ocrx_word' id='word_1_42' title='bbox 462 866 495 916; x_wconf 92' lang='lat' dir='ltr'><strong>ut</strong></span> <span class='ocrx_word' id='word_1_43' title='bbox 512 876 570 915; x_wconf 93' lang='lat' dir='ltr'><strong>non</strong></span> <span class='ocrx_word' id='word_1_44' title='bbox 584 857 681 914; x_wconf 90' lang='lat' dir='ltr'><strong>minus</strong></span> <span class='ocrx_word' id='word_1_45' title='bbox 701 857 754 915; x_wconf 92' lang='lat' dir='ltr'><strong>illa</strong></span> <span class='ocrx_word' id='word_1_46' title='bbox 767 857 895 914; x_wconf 80' lang='lat' dir='ltr'><strong>oratione</strong></span> <span class='ocrx_word' id='word_1_47' title='bbox 915 873 983 932; x_wconf 90' lang='lat' dir='ltr'><strong>opes</strong></span> <span class='ocrx_word' id='word_1_48' title='bbox 996 871 1098 912; x_wconf 88' lang='lat' dir='ltr'><strong>eorum</strong></span> 
     </span>
     <span class='ocr_line' id='line_1_8' title="bbox 188 934 1118 1014; baseline -0.008 -20"><span class='ocrx_word' id='word_1_49' title='bbox 188 937 377 1007; x_wconf 73' lang='lat' dir='ltr'><strong>concusserit,</strong></span> <span class='ocrx_word' id='word_1_50' title='bbox 397 955 486 1012; x_wconf 88' lang='lat' dir='ltr'><strong>quam</strong></span> <span class='ocrx_word' id='word_1_51' title='bbox 510 935 670 994; x_wconf 75' lang='lat' dir='ltr'><strong>Leuctrica</strong></span> <span class='ocrx_word' id='word_1_52' title='bbox 683 955 793 1014; x_wconf 87' lang='lat' dir='ltr'><strong>pugna.</strong></span> <span class='ocrx_word' id='word_1_53' title='bbox 833 934 913 992; x_wconf 83' lang='lat' dir='ltr'><strong>Tum</strong></span> <span class='ocrx_word' id='word_1_54' title='bbox 934 934 1013 991; x_wconf 89' lang='lat' dir='ltr'><strong>enim</strong></span> <span class='ocrx_word' id='word_1_55' title='bbox 1033 949 1118 1008; x_wconf 87' lang='lat' dir='ltr'><strong>per·.</strong></span> 
     </span>
     <span class='ocr_line' id='line_1_9' title="bbox 189 1009 1095 1092; baseline -0.007 -20"><span class='ocrx_word' id='word_1_56' title='bbox 189 1012 267 1084; x_wconf 79' lang='lat' dir='ltr'><strong>fecit,</strong></span> <span class='ocrx_word' id='word_1_57' title='bbox 282 1014 359 1090; x_wconf 90' lang='lat' dir='ltr'><strong>quod</strong></span> <span class='ocrx_word' id='word_1_58' title='bbox 383 1025 445 1091; x_wconf 87' lang='lat' dir='ltr'><strong>post</strong></span> <span class='ocrx_word' id='word_1_59' title='bbox 465 1015 608 1092; x_wconf 88' lang='lat' dir='ltr'><strong>apparuit,</strong></span> <span class='ocrx_word' id='word_1_60' title='bbox 623 1024 656 1074; x_wconf 88' lang='lat' dir='ltr'><strong>ut</strong></span> <span class='ocrx_word' id='word_1_61' title='bbox 679 1015 789 1073; x_wconf 73' lang='lat' dir='ltr'><strong>amilio</strong></span> <span class='ocrx_word' id='word_1_62' title='bbox 800 1014 945 1072; x_wconf 87' lang='lat' dir='ltr'><strong>sociorum</strong></span> <span class='ocrx_word' id='word_1_63' title='bbox 958 1009 1095 1070; x_wconf 73' lang='lat' dir='ltr'><strong>Laceda-</strong></span> 
     </span>
     <span class='ocr_line' id='line_1_10' title="bbox 189 1093 485 1169; baseline -0.003 -18"><span class='ocrx_word' id='word_1_64' title='bbox 189 1094 278 1151; x_wconf 87' lang='lat' dir='ltr'><strong>monii</strong></span> <span class='ocrx_word' id='word_1_65' title='bbox 291 1093 485 1169; x_wconf 80' lang='lat' dir='ltr'><strong>privarentur.</strong></span> 
     </span>
    </p>

    <p class='ocr_par' dir='ltr' id='par_1_3' title="bbox 187 1166 1137 2728">
     <span class='ocr_line' id='line_1_11' title="bbox 229 1166 1134 1248; baseline -0.008 -19"><span class='ocrx_word' id='word_1_66' title='bbox 229 1171 298 1230; x_wconf 91' lang='lat' dir='ltr'><strong>Vll.</strong></span> <span class='ocrx_word' id='word_1_67' title='bbox 321 1171 426 1230; x_wconf 78' lang='lat' dir='ltr'><strong>Fuisse</strong></span> <span class='ocrx_word' id='word_1_68' title='bbox 445 1172 600 1248; x_wconf 88' lang='lat' dir='ltr'><strong>patientem</strong></span> <span class='ocrx_word' id='word_1_69' title='bbox 620 1189 796 1248; x_wconf 87' lang='lat' dir='ltr'><strong>suorumque</strong></span> <span class='ocrx_word' id='word_1_70' title='bbox 813 1169 935 1246; x_wconf 87' lang='lat' dir='ltr'><strong>injurias</strong></span> <span class='ocrx_word' id='word_1_71' title='bbox 956 1166 1096 1228; x_wconf 83' lang='lat' dir='ltr'><strong>serentem</strong></span> <span class='ocrx_word' id='word_1_72' title='bbox 1118 1167 1134 1222; x_wconf 91' lang='lat'>1</span> 
     </span>
     <span class='ocr_line' id='line_1_12' title="bbox 189 1247 1098 1326; baseline -0.003 -20"><span class='ocrx_word' id='word_1_73' title='bbox 189 1249 311 1318; x_wconf 85' lang='lat' dir='ltr'><strong>civium,</strong></span> <span class='ocrx_word' id='word_1_74' title='bbox 325 1249 403 1324; x_wconf 90' lang='lat' dir='ltr'><strong>quod</strong></span> <span class='ocrx_word' id='word_1_75' title='bbox 423 1269 455 1308; x_wconf 91' lang='lat' dir='ltr'><strong>se</strong></span> <span class='ocrx_word' id='word_1_76' title='bbox 477 1251 577 1326; x_wconf 75' lang='lat' dir='ltr'><strong>patria</strong></span> <span class='ocrx_word' id='word_1_77' title='bbox 598 1250 686 1306; x_wconf 78' lang='lat' dir='ltr'><strong>irasci</strong></span> <span class='ocrx_word' id='word_1_78' title='bbox 706 1249 789 1306; x_wconf 87' lang='lat' dir='ltr'><strong>nefas</strong></span> <span class='ocrx_word' id='word_1_79' title='bbox 808 1268 871 1306; x_wconf 87' lang='lat' dir='ltr'><strong>esse</strong></span> <span class='ocrx_word' id='word_1_80' title='bbox 889 1249 1019 1318; x_wconf 88' lang='lat' dir='ltr'><strong>duceret,</strong></span> <span class='ocrx_word' id='word_1_81' title='bbox 1033 1247 1098 1303; x_wconf 82' lang='lat' dir='ltr'><strong>haec</strong></span> 
     </span>
     <span class='ocr_line' id='line_1_13' title="bbox 191 1325 1099 1402; baseline -0.003 -20"><span class='ocrx_word' id='word_1_82' title='bbox 191 1335 262 1382; x_wconf 89' lang='lat' dir='ltr'><strong>sunt</strong></span> <span class='ocrx_word' id='word_1_83' title='bbox 283 1326 456 1383; x_wconf 89' lang='lat' dir='ltr'><strong>testimonia.</strong></span> <span class='ocrx_word' id='word_1_84' title='bbox 505 1327 609 1392; x_wconf 81' lang='lat' dir='ltr'><strong>Quum</strong></span> <span class='ocrx_word' id='word_1_85' title='bbox 632 1345 701 1383; x_wconf 90' lang='lat' dir='ltr'><strong>eum</strong></span> <span class='ocrx_word' id='word_1_86' title='bbox 720 1336 835 1402; x_wconf 90' lang='lat' dir='ltr'><strong>propter</strong></span> <span class='ocrx_word' id='word_1_87' title='bbox 855 1326 994 1384; x_wconf 85' lang='lat' dir='ltr'><strong>invidiam</strong></span> <span class='ocrx_word' id='word_1_88' title='bbox 1018 1325 1099 1382; x_wconf 83' lang='lat' dir='ltr'><strong>cives</strong></span> 
     </span>
     <span class='ocr_line' id='line_1_14' title="bbox 194 1402 1100 1479; baseline -0.002 -21"><span class='ocrx_word' id='word_1_89' title='bbox 194 1402 346 1476; x_wconf 71' lang='lat' dir='ltr'><strong>preficere</strong></span> <span class='ocrx_word' id='word_1_90' title='bbox 368 1403 512 1460; x_wconf 84' lang='lat' dir='ltr'><strong>exercitui</strong></span> <span class='ocrx_word' id='word_1_91' title='bbox 534 1404 704 1472; x_wconf 88' lang='lat' dir='ltr'><strong>noluissent,</strong></span> <span class='ocrx_word' id='word_1_92' title='bbox 729 1403 845 1479; x_wconf 85' lang='lat' dir='ltr'><strong>duxque</strong></span> <span class='ocrx_word' id='word_1_93' title='bbox 869 1413 944 1462; x_wconf 90' lang='lat' dir='ltr'><strong>esset</strong></span> <span class='ocrx_word' id='word_1_94' title='bbox 970 1402 1100 1460; x_wconf 83' lang='lat' dir='ltr'><strong>delectus</strong></span> 
     </span>
     <span class='ocr_line' id='line_1_15' title="bbox 197 1476 1100 1556; baseline -0.003 -21"><span class='ocrx_word' id='word_1_95' title='bbox 197 1479 269 1535; x_wconf 88' lang='lat' dir='ltr'><strong>belli</strong></span> <span class='ocrx_word' id='word_1_96' title='bbox 282 1479 442 1554; x_wconf 88' lang='lat' dir='ltr'><strong>imperitus,</strong></span> <span class='ocrx_word' id='word_1_97' title='bbox 456 1481 540 1556; x_wconf 87' lang='lat' dir='ltr'><strong>cujus</strong></span> <span class='ocrx_word' id='word_1_98' title='bbox 553 1498 653 1538; x_wconf 86' lang='lat' dir='ltr'><strong>errore</strong></span> <span class='ocrx_word' id='word_1_99' title='bbox 666 1499 700 1536; x_wconf 93' lang='lat' dir='ltr'><strong>eo</strong></span> <span class='ocrx_word' id='word_1_100' title='bbox 714 1490 790 1538; x_wconf 87' lang='lat' dir='ltr'><strong>essct</strong></span> <span class='ocrx_word' id='word_1_101' title='bbox 808 1480 933 1538; x_wconf 85' lang='lat' dir='ltr'><strong>deducta</strong></span> <span class='ocrx_word' id='word_1_102' title='bbox 945 1498 993 1536; x_wconf 88' lang='lat' dir='ltr'><strong>res</strong></span> <span class='ocrx_word' id='word_1_103' title='bbox 1013 1476 1100 1554; x_wconf 87' lang='lat' dir='ltr'><strong>[mili-</strong></span> 
     </span>
     <span class='ocr_line' id='line_1_16' title="bbox 197 1556 1102 1634; baseline -0.003 -20"><span class='ocrx_word' id='word_1_104' title='bbox 197 1556 285 1634; x_wconf 88' lang='lat' dir='ltr'><strong>tum],</strong></span> <span class='ocrx_word' id='word_1_105' title='bbox 301 1567 333 1614; x_wconf 91' lang='lat' dir='ltr'><strong>ut</strong></span> <span class='ocrx_word' id='word_1_106' title='bbox 352 1575 453 1615; x_wconf 90' lang='lat' dir='ltr'><strong>omues</strong></span> <span class='ocrx_word' id='word_1_107' title='bbox 467 1557 501 1616; x_wconf 92' lang='lat' dir='ltr'><strong>de</strong></span> <span class='ocrx_word' id='word_1_108' title='bbox 514 1558 609 1616; x_wconf 88' lang='lat' dir='ltr'><strong>salute</strong></span> <span class='ocrx_word' id='word_1_109' title='bbox 627 1557 871 1634; x_wconf 79' lang='lat' dir='ltr'><strong>pertimescerent,</strong></span> <span class='ocrx_word' id='word_1_110' title='bbox 885 1557 961 1634; x_wconf 89' lang='lat' dir='ltr'><strong>quod</strong></span> <span class='ocrx_word' id='word_1_111' title='bbox 974 1557 1102 1615; x_wconf 89' lang='lat' dir='ltr'><strong>locorum</strong></span> 
     </span>
     <span class='ocr_line' id='line_1_17' title="bbox 194 1633 1099 1712; baseline -0.001 -20"><span class='ocrx_word' id='word_1_112' title='bbox 194 1636 340 1712; x_wconf 86' lang='lat' dir='ltr'><strong>angustiis</strong></span> <span class='ocrx_word' id='word_1_113' title='bbox 364 1635 459 1702; x_wconf 88' lang='lat' dir='ltr'><strong>clausi</strong></span> <span class='ocrx_word' id='word_1_114' title='bbox 482 1636 519 1694; x_wconf 93' lang='lat' dir='ltr'><strong>ab</strong></span> <span class='ocrx_word' id='word_1_115' title='bbox 541 1636 671 1694; x_wconf 81' lang='lat' dir='ltr'><strong>hostibus</strong></span> <span class='ocrx_word' id='word_1_116' title='bbox 694 1635 914 1694; x_wconf 87' lang='lat' dir='ltr'><strong>obsidebantur:</strong></span> <span class='ocrx_word' id='word_1_117' title='bbox 944 1633 1099 1693; x_wconf 86' lang='lat' dir='ltr'><strong>desiderari</strong></span> 
     </span>
     <span class='ocr_line' id='line_1_18' title="bbox 191 1713 1099 1794; baseline -0.008 -22"><span class='ocrx_word' id='word_1_118' title='bbox 191 1723 290 1794; x_wconf 70' lang='lat' dir='ltr'><strong>crepta</strong></span> <span class='ocrx_word' id='word_1_119' title='bbox 310 1724 353 1772; x_wconf 87' lang='lat' dir='ltr'><strong>est</strong></span> <span class='ocrx_word' id='word_1_120' title='bbox 373 1714 583 1791; x_wconf 74' lang='lat' dir='ltr'><strong>Epaminondas</strong></span> <span class='ocrx_word' id='word_1_121' title='bbox 603 1714 763 1792; x_wconf 82' lang='lat' dir='ltr'><strong>diligentia.</strong></span> <span class='ocrx_word' id='word_1_122' title='bbox 805 1714 878 1773; x_wconf 90' lang='lat' dir='ltr'><strong>Erat</strong></span> <span class='ocrx_word' id='word_1_123' title='bbox 899 1715 976 1773; x_wconf 90' lang='lat' dir='ltr'><strong>enim</strong></span> <span class='ocrx_word' id='word_1_124' title='bbox 990 1713 1030 1772; x_wconf 93' lang='lat' dir='ltr'><strong>ibi</strong></span> <span class='ocrx_word' id='word_1_125' title='bbox 1043 1715 1099 1790; x_wconf 92' lang='lat' dir='ltr'><strong>pri.</strong></span> 
     </span>
     <span class='ocr_line' id='line_1_19' title="bbox 190 1793 1137 1871; baseline 0.003 -22"><span class='ocrx_word' id='word_1_126' title='bbox 190 1802 277 1850; x_wconf 86' lang='lat' dir='ltr'><strong>vatus</strong></span> <span class='ocrx_word' id='word_1_127' title='bbox 299 1811 423 1851; x_wconf 87' lang='lat' dir='ltr'><strong>numero</strong></span> <span class='ocrx_word' id='word_1_128' title='bbox 448 1793 556 1852; x_wconf 88' lang='lat' dir='ltr'><strong>militis.</strong></span> <span class='ocrx_word' id='word_1_129' title='bbox 611 1795 640 1852; x_wconf 89' lang='lat' dir='ltr'>A</span> <span class='ocrx_word' id='word_1_130' title='bbox 666 1813 724 1870; x_wconf 91' lang='lat' dir='ltr'><strong>quo</strong></span> <span class='ocrx_word' id='word_1_131' title='bbox 745 1811 836 1870; x_wconf 90' lang='lat' dir='ltr'><strong>quum</strong></span> <span class='ocrx_word' id='word_1_132' title='bbox 857 1803 985 1871; x_wconf 87' lang='lat' dir='ltr'><strong>peterent</strong></span> <span class='ocrx_word' id='word_1_133' title='bbox 1006 1812 1097 1870; x_wconf 90' lang='lat' dir='ltr'><strong>opem,</strong></span> <span class='ocrx_word' id='word_1_134' title='bbox 1118 1797 1137 1852; x_wconf 76' lang='lat' dir='ltr'><strong>il</strong></span> 
     </span>
     <span class='ocr_line' id='line_1_20' title="bbox 187 1871 1096 1944; baseline 0.002 -16"><span class='ocrx_word' id='word_1_135' title='bbox 187 1871 302 1928; x_wconf 85' lang='lat' dir='ltr'><strong>nullam</strong></span> <span class='ocrx_word' id='word_1_136' title='bbox 323 1872 455 1931; x_wconf 87' lang='lat' dir='ltr'><strong>adhibuit</strong></span> <span class='ocrx_word' id='word_1_137' title='bbox 477 1873 646 1932; x_wconf 85' lang='lat' dir='ltr'><strong>memoriam</strong></span> <span class='ocrx_word' id='word_1_138' title='bbox 667 1872 858 1944; x_wconf 74' lang='lat' dir='ltr'><strong>contumelia,</strong></span> <span class='ocrx_word' id='word_1_139' title='bbox 873 1883 902 1932; x_wconf 92' lang='lat' dir='ltr'><strong>et</strong></span> <span class='ocrx_word' id='word_1_140' title='bbox 924 1872 1096 1944; x_wconf 83' lang='lat' dir='ltr'><strong>exercitum,</strong></span> 
     </span>
     <span class='ocr_line' id='line_1_21' title="bbox 187 1949 1136 2028; baseline 0 -20"><span class='ocrx_word' id='word_1_141' title='bbox 187 1949 333 2009; x_wconf 86' lang='lat' dir='ltr'><strong>obsidione</strong></span> <span class='ocrx_word' id='word_1_142' title='bbox 346 1950 510 2022; x_wconf 87' lang='lat' dir='ltr'><strong>liberatum,</strong></span> <span class='ocrx_word' id='word_1_143' title='bbox 523 1951 640 2010; x_wconf 89' lang='lat' dir='ltr'><strong>domum</strong></span> <span class='ocrx_word' id='word_1_144' title='bbox 649 1951 765 2010; x_wconf 85' lang='lat' dir='ltr'><strong>reduxit</strong></span> <span class='ocrx_word' id='word_1_145' title='bbox 773 1952 959 2010; x_wconf 88' lang='lat' dir='ltr'><strong>incolumem.</strong></span> <span class='ocrx_word' id='word_1_146' title='bbox 989 1951 1096 2028; x_wconf 86' lang='lat' dir='ltr'><strong>Neque</strong></span> <span class='ocrx_word' id='word_1_147' title='bbox 1117 1954 1136 2008; x_wconf 77' lang='lat' dir='ltr'><strong>a</strong></span> 
     </span>
     <span class='ocr_line' id='line_1_22' title="bbox 188 2029 1098 2108; baseline 0.003 -22"><span class='ocrx_word' id='word_1_148' title='bbox 188 2047 258 2086; x_wconf 77' lang='lat' dir='ltr'><strong>vcro</strong></span> <span class='ocrx_word' id='word_1_149' title='bbox 278 2029 332 2088; x_wconf 92' lang='lat' dir='ltr'><strong>hoc</strong></span> <span class='ocrx_word' id='word_1_150' title='bbox 344 2030 436 2089; x_wconf 87' lang='lat' dir='ltr'><strong>semel</strong></span> <span class='ocrx_word' id='word_1_151' title='bbox 458 2029 535 2100; x_wconf 82' lang='lat' dir='ltr'><strong>fecit,</strong></span> <span class='ocrx_word' id='word_1_152' title='bbox 556 2031 607 2090; x_wconf 89' lang='lat' dir='ltr'><strong>sed</strong></span> <span class='ocrx_word' id='word_1_153' title='bbox 627 2031 745 2108; x_wconf 74' lang='lat' dir='ltr'><strong>saepius.</strong></span> <span class='ocrx_word' id='word_1_154' title='bbox 782 2029 915 2090; x_wconf 86' lang='lat' dir='ltr'><strong>Maxime</strong></span> <span class='ocrx_word' id='word_1_155' title='bbox 929 2038 1028 2088; x_wconf 84' lang='lat' dir='ltr'><strong>autem</strong></span> <span class='ocrx_word' id='word_1_156' title='bbox 1043 2029 1098 2089; x_wconf 85' lang='lat' dir='ltr'><strong>fuit</strong></span> 
     </span>
     <span class='ocr_line' id='line_1_23' title="bbox 188 2106 1096 2187; baseline 0.002 -23"><span class='ocrx_word' id='word_1_157' title='bbox 188 2106 310 2178; x_wconf 88' lang='lat' dir='ltr'><strong>illustre,</strong></span> <span class='ocrx_word' id='word_1_158' title='bbox 325 2127 415 2184; x_wconf 90' lang='lat' dir='ltr'><strong>quum</strong></span> <span class='ocrx_word' id='word_1_159' title='bbox 435 2109 467 2167; x_wconf 91' lang='lat' dir='ltr'><strong>in</strong></span> <span class='ocrx_word' id='word_1_160' title='bbox 485 2109 714 2187; x_wconf 88' lang='lat' dir='ltr'><strong>Peloponnesum</strong></span> <span class='ocrx_word' id='word_1_161' title='bbox 727 2111 889 2168; x_wconf 84' lang='lat' dir='ltr'><strong>exercitum</strong></span> <span class='ocrx_word' id='word_1_162' title='bbox 904 2109 1034 2166; x_wconf 84' lang='lat' dir='ltr'><strong>duxisset</strong></span> <span class='ocrx_word' id='word_1_163' title='bbox 1048 2109 1096 2166; x_wconf 89' lang='lat' dir='ltr'><strong>ad-</strong></span> 
     </span>
     <span class='ocr_line' id='line_1_24' title="bbox 188 2186 1098 2263; baseline 0.002 -21"><span class='ocrx_word' id='word_1_164' title='bbox 188 2203 292 2246; x_wconf 86' lang='lat' dir='ltr'><strong>versus</strong></span> <span class='ocrx_word' id='word_1_165' title='bbox 305 2186 549 2258; x_wconf 67' lang='lat' dir='ltr'><strong>Lacedaemonios,</strong></span> <span class='ocrx_word' id='word_1_166' title='bbox 558 2188 736 2263; x_wconf 87' lang='lat' dir='ltr'><strong>haberetque</strong></span> <span class='ocrx_word' id='word_1_167' title='bbox 745 2187 875 2262; x_wconf 87' lang='lat' dir='ltr'><strong>collegas</strong></span> <span class='ocrx_word' id='word_1_168' title='bbox 884 2187 964 2254; x_wconf 91' lang='lat' dir='ltr'><strong>duos,</strong></span> <span class='ocrx_word' id='word_1_169' title='bbox 973 2205 1098 2262; x_wconf 90' lang='lat' dir='ltr'><strong>quorum</strong></span> 
     </span>
     <span class='ocr_line' id='line_1_25' title="bbox 187 2263 1097 2341; baseline 0 -19"><span class='ocrx_word' id='word_1_170' title='bbox 187 2263 263 2322; x_wconf 84' lang='lat' dir='ltr'><strong>alter</strong></span> <span class='ocrx_word' id='word_1_171' title='bbox 282 2275 345 2323; x_wconf 86' lang='lat' dir='ltr'><strong>erat</strong></span> <span class='ocrx_word' id='word_1_172' title='bbox 358 2265 518 2341; x_wconf 86' lang='lat' dir='ltr'><strong>Pelopidas,</strong></span> <span class='ocrx_word' id='word_1_173' title='bbox 531 2266 578 2323; x_wconf 85' lang='lat' dir='ltr'><strong>vir</strong></span> <span class='ocrx_word' id='word_1_174' title='bbox 591 2265 673 2323; x_wconf 82' lang='lat' dir='ltr'><strong>sortis</strong></span> <span class='ocrx_word' id='word_1_175' title='bbox 687 2283 724 2324; x_wconf 83' lang='lat' dir='ltr'><strong>nc</strong></span> <span class='ocrx_word' id='word_1_176' title='bbox 737 2275 884 2321; x_wconf 89' lang='lat' dir='ltr'><strong>strenuus.</strong></span> <span class='ocrx_word' id='word_1_177' title='bbox 926 2263 986 2320; x_wconf 89' lang='lat' dir='ltr'><strong>Hic</strong></span> <span class='ocrx_word' id='word_1_178' title='bbox 1005 2281 1097 2339; x_wconf 90' lang='lat' dir='ltr'><strong>quum</strong></span> 
     </span>
     <span class='ocr_line' id='line_1_26' title="bbox 188 2339 1100 2412; baseline -0.001 -12"><span class='ocrx_word' id='word_1_179' title='bbox 188 2343 360 2400; x_wconf 88' lang='lat' dir='ltr'><strong>criminibus</strong></span> <span class='ocrx_word' id='word_1_180' title='bbox 381 2342 614 2400; x_wconf 84' lang='lat' dir='ltr'><strong>adversariorum</strong></span> <span class='ocrx_word' id='word_1_181' title='bbox 627 2359 730 2399; x_wconf 91' lang='lat' dir='ltr'><strong>omnes</strong></span> <span class='ocrx_word' id='word_1_182' title='bbox 749 2342 781 2397; x_wconf 89' lang='lat' dir='ltr'><strong>in</strong></span> <span class='ocrx_word' id='word_1_183' title='bbox 793 2339 933 2397; x_wconf 85' lang='lat' dir='ltr'><strong>invidiam</strong></span> <span class='ocrx_word' id='word_1_184' title='bbox 945 2341 1100 2412; x_wconf 84' lang='lat' dir='ltr'><strong>venissent,</strong></span> 
     </span>
     <span class='ocr_line' id='line_1_27' title="bbox 188 2417 1100 2496; baseline 0 -18"><span class='ocrx_word' id='word_1_185' title='bbox 188 2421 226 2478; x_wconf 93' lang='lat' dir='ltr'><strong>ob</strong></span> <span class='ocrx_word' id='word_1_186' title='bbox 239 2439 365 2496; x_wconf 85' lang='lat' dir='ltr'><strong>eamque</strong></span> <span class='ocrx_word' id='word_1_187' title='bbox 378 2438 441 2486; x_wconf 90' lang='lat' dir='ltr'><strong>rem</strong></span> <span class='ocrx_word' id='word_1_188' title='bbox 454 2421 611 2494; x_wconf 78' lang='lat' dir='ltr'><strong>imperium</strong></span> <span class='ocrx_word' id='word_1_189' title='bbox 624 2419 671 2476; x_wconf 88' lang='lat' dir='ltr'><strong>his</strong></span> <span class='ocrx_word' id='word_1_190' title='bbox 685 2427 761 2475; x_wconf 89' lang='lat' dir='ltr'><strong>esset</strong></span> <span class='ocrx_word' id='word_1_191' title='bbox 775 2417 955 2494; x_wconf 84' lang='lat' dir='ltr'><strong>abrogatum,</strong></span> <span class='ocrx_word' id='word_1_192' title='bbox 971 2425 1056 2493; x_wconf 87' lang='lat' dir='ltr'><strong>atque</strong></span> <span class='ocrx_word' id='word_1_193' title='bbox 1069 2419 1100 2478; x_wconf 86' lang='lat' dir='ltr'><strong>in</strong></span> 
     </span>
     <span class='ocr_line' id='line_1_28' title="bbox 190 2493 1137 2571; baseline 0.002 -15"><span class='ocrx_word' id='word_1_194' title='bbox 190 2498 406 2556; x_wconf 79' lang='lat' dir='ltr'><strong>carumlocum</strong></span> <span class='ocrx_word' id='word_1_195' title='bbox 420 2496 631 2571; x_wconf 80' lang='lat' dir='ltr'><strong>alii&#39;praetores·</strong></span> <span class='ocrx_word' id='word_1_196' title='bbox 641 2495 867 2552; x_wconf 83' lang='lat' dir='ltr'><strong>successissent:</strong></span> <span class='ocrx_word' id='word_1_197' title='bbox 888 2493 1100 2570; x_wconf 87' lang='lat' dir='ltr'><strong>Epaminondas</strong></span> <span class='ocrx_word' id='word_1_198' title='bbox 1119 2503 1137 2558; x_wconf 79' lang='grc'><strong>4</strong></span> 
     </span>
     <span class='ocr_line' id='line_1_29' title="bbox 193 2572 1099 2728; baseline 0.009 -21"><span class='ocrx_word' id='word_1_199' title='bbox 193 2572 940 2728; x_wconf 38' lang='grc' dir='ltr'><strong>111ῗὲ111111111011112111111111</strong></span> <span class='ocrx_word' id='word_1_200' title='bbox 958 2576 1099 2716; x_wconf 70' lang='lat' dir='ltr'><strong>ltt&#39;ltl</strong></span> 
     </span>
    </p>

    <p class='ocr_par' dir='ltr' id='par_1_4' title="bbox 193 2671 1097 2944">
     <span class='ocr_line' id='line_1_30' title="bbox 510 2691 921 2720; baseline 0 -11"><span class='ocrx_word' id='word_1_201' title='bbox 510 2691 518 2720; x_wconf 96' lang='lat'><strong>,</strong></span> <span class='ocrx_word' id='word_1_202' title='bbox 914 2693 921 2709; x_wconf 96' lang='lat'><strong>.</strong></span> 
     </span>
     <span class='ocr_line' id='line_1_31' title="bbox 196 2671 1097 2813; baseline 0.009 -29"><span class='ocrx_word' id='word_1_203' title='bbox 196 2726 452 2799; x_wconf 83' lang='lat' dir='ltr'><strong>animadvertebat,</strong></span> <span class='ocrx_word' id='word_1_204' title='bbox 466 2729 522 2786; x_wconf 90' lang='lat' dir='ltr'><strong>nisi</strong></span> <span class='ocrx_word' id='word_1_205' title='bbox 535 2729 565 2786; x_wconf 88' lang='lat' dir='ltr'><strong>id</strong></span> <span class='ocrx_word' id='word_1_206' title='bbox 579 2728 703 2800; x_wconf 85' lang='lat' dir='ltr'><strong>iecisset,</strong></span> <span class='ocrx_word' id='word_1_207' title='bbox 712 2693 804 2788; x_wconf 69' lang='lat' dir='ltr'><strong>toluci</strong></span> <span class='ocrx_word' id='word_1_208' title='bbox 812 2671 972 2790; x_wconf 68' lang='lat' dir='ltr'><strong>egxercitum</strong></span> <span class='ocrx_word' id='word_1_209' title='bbox 983 2675 1097 2813; x_wconf 59' lang='lat' dir='ltr'><strong>prodtsr</strong></span> 
     </span>
     <span class='ocr_line' id='line_1_32' title="bbox 193 2805 1094 2944; baseline 0.011 -82"><span class='ocrx_word' id='word_1_210' title='bbox 193 2815 350 2944; x_wconf 67' lang='lat' dir='ltr'><strong>pqaetorum</strong></span> <span class='ocrx_word' id='word_1_211' title='bbox 363 2805 583 2884; x_wconf 86' lang='lat' dir='ltr'><strong>imprudentiam</strong></span> <span class='ocrx_word' id='word_1_212' title='bbox 593 2808 831 2888; x_wconf 81' lang='lat' dir='ltr'><strong>insolentiamque</strong></span> <span class='ocrx_word' id='word_1_213' title='bbox 846 2810 913 2869; x_wconf 89' lang='lat' dir='ltr'><strong>belli</strong></span> <span class='ocrx_word' id='word_1_214' title='bbox 923 2813 1094 2888; x_wconf 86' lang='lat' dir='ltr'><strong>periturum.</strong></span> 
     </span>
    </p>

    <p class='ocr_par' dir='ltr' id='par_1_5' title="bbox 189 2884 1135 3337">
     <span class='ocr_line' id='line_1_33' title="bbox 240 2884 1135 2968; baseline 0.004 -24"><span class='ocrx_word' id='word_1_215' title='bbox 240 2903 259 2944; x_wconf 81' lang='lat' dir='ltr'><strong>r</strong></span> <span class='ocrx_word' id='word_1_216' title='bbox 273 2895 337 2944; x_wconf 89' lang='lat' dir='ltr'><strong>erat</strong></span> <span class='ocrx_word' id='word_1_217' title='bbox 350 2884 466 2958; x_wconf 87' lang='lat' dir='ltr'><strong>Thebis,</strong></span> <span class='ocrx_word' id='word_1_218' title='bbox 481 2905 546 2964; x_wconf 75' lang='lat' dir='ltr'><strong>quse</strong></span> <span class='ocrx_word' id='word_1_219' title='bbox 556 2888 809 2960; x_wconf 83' lang='lat' dir='ltr'><strong>morte-multabat,</strong></span> <span class='ocrx_word' id='word_1_220' title='bbox 824 2889 929 2966; x_wconf 91' lang='lat' dir='ltr'><strong>siquis</strong></span> <span class='ocrx_word' id='word_1_221' title='bbox 942 2891 1096 2968; x_wconf 88' lang='lat' dir='ltr'><strong>imperinm</strong></span> <span class='ocrx_word' id='word_1_222' title='bbox 1116 2895 1135 2948; x_wconf 78' lang='lat' dir='ltr'><strong>a</strong></span> 
     </span>
     <span class='ocr_line' id='line_1_34' title="bbox 191 2963 1097 3046; baseline 0.008 -25"><span class='ocrx_word' id='word_1_223' title='bbox 191 2963 300 3023; x_wconf 90' lang='lat' dir='ltr'><strong>diutius</strong></span> <span class='ocrx_word' id='word_1_224' title='bbox 320 2964 491 3037; x_wconf 87' lang='lat' dir='ltr'><strong>retinuisset,</strong></span> <span class='ocrx_word' id='word_1_225' title='bbox 505 2985 593 3044; x_wconf 88' lang='lat' dir='ltr'><strong>quam</strong></span> <span class='ocrx_word' id='word_1_226' title='bbox 613 2967 678 3046; x_wconf 83' lang='lat' dir='ltr'><strong>lege</strong></span> <span class='ocrx_word' id='word_1_227' title='bbox 697 2969 871 3046; x_wconf 79' lang='lat' dir='ltr'><strong>prefinitum</strong></span> <span class='ocrx_word' id='word_1_228' title='bbox 886 2967 967 3028; x_wconf 78' lang='lat' dir='ltr'><strong>soret.</strong></span> <span class='ocrx_word' id='word_1_229' title='bbox 1009 2969 1097 3028; x_wconf 90' lang='lat' dir='ltr'><strong>Hanc</strong></span> 
     </span>
     <span class='ocr_line' id='line_1_35' title="bbox 190 3042 1095 3123; baseline 0.001 -21"><span class='ocrx_word' id='word_1_230' title='bbox 190 3042 405 3120; x_wconf 83' lang='lat' dir='ltr'><strong>Epaminondas</strong></span> <span class='ocrx_word' id='word_1_231' title='bbox 414 3063 505 3121; x_wconf 90' lang='lat' dir='ltr'><strong>quum</strong></span> <span class='ocrx_word' id='word_1_232' title='bbox 516 3046 683 3123; x_wconf 72' lang='lat' dir='ltr'><strong>reipublice</strong></span> <span class='ocrx_word' id='word_1_233' title='bbox 691 3047 897 3107; x_wconf 73' lang='lat' dir='ltr'><strong>conservande</strong></span> <span class='ocrx_word' id='word_1_234' title='bbox 906 3066 997 3106; x_wconf 87' lang='lat' dir='ltr'><strong>causa</strong></span> <span class='ocrx_word' id='word_1_235' title='bbox 1005 3047 1095 3105; x_wconf 88' lang='lat' dir='ltr'><strong>latam</strong></span> 
     </span>
     <span class='ocr_line' id='line_1_36' title="bbox 190 3121 1095 3200; baseline 0.002 -22"><span class='ocrx_word' id='word_1_236' title='bbox 190 3121 309 3192; x_wconf 87' lang='lat' dir='ltr'><strong>videret,</strong></span> <span class='ocrx_word' id='word_1_237' title='bbox 324 3121 360 3180; x_wconf 90' lang='lat' dir='ltr'><strong>ad</strong></span> <span class='ocrx_word' id='word_1_238' title='bbox 381 3124 537 3200; x_wconf 88' lang='lat' dir='ltr'><strong>perniciem</strong></span> <span class='ocrx_word' id='word_1_239' title='bbox 554 3126 681 3184; x_wconf 88' lang='lat' dir='ltr'><strong>civitatis</strong></span> <span class='ocrx_word' id='word_1_240' title='bbox 694 3127 827 3185; x_wconf 87' lang='lat' dir='ltr'><strong>conferre</strong></span> <span class='ocrx_word' id='word_1_241' title='bbox 841 3123 934 3184; x_wconf 88' lang='lat' dir='ltr'><strong>noluit</strong></span> <span class='ocrx_word' id='word_1_242' title='bbox 943 3144 953 3197; x_wconf 87' lang='lat'>3</span> <span class='ocrx_word' id='word_1_243' title='bbox 975 3136 1004 3184; x_wconf 86' lang='lat' dir='ltr'><strong>et</strong></span> <span class='ocrx_word' id='word_1_244' title='bbox 1024 3143 1095 3200; x_wconf 87' lang='lat' dir='ltr'><strong>qua·</strong></span> 
     </span>
     <span class='ocr_line' id='line_1_37' title="bbox 189 3201 1097 3293; baseline 0.003 -36"><span class='ocrx_word' id='word_1_245' title='bbox 189 3209 255 3290; x_wconf 73' lang='lat' dir='ltr'><strong>tuor</strong></span> <span class='ocrx_word' id='word_1_246' title='bbox 277 3201 424 3293; x_wconf 81' lang='lat' dir='ltr'><strong>mensibus</strong></span> <span class='ocrx_word' id='word_1_247' title='bbox 447 3203 565 3274; x_wconf 90' lang='lat' dir='ltr'><strong>diutius,</strong></span> <span class='ocrx_word' id='word_1_248' title='bbox 590 3223 680 3282; x_wconf 83' lang='lat' dir='ltr'><strong>quam</strong></span> <span class='ocrx_word' id='word_1_249' title='bbox 704 3204 829 3282; x_wconf 87' lang='lat' dir='ltr'><strong>populus</strong></span> <span class='ocrx_word' id='word_1_250' title='bbox 847 3203 983 3279; x_wconf 85' lang='lat' dir='ltr'><strong>jusserat,</strong></span> <span class='ocrx_word' id='word_1_251' title='bbox 1007 3202 1097 3280; x_wconf 82' lang='lat' dir='ltr'><strong>gessit</strong></span> 
     </span>
     <span class='ocr_line' id='line_1_38' title="bbox 190 3295 806 3337; baseline 0.002 -1"><span class='ocrx_word' id='word_1_252' title='bbox 190 3295 230 3336; x_wconf 87' lang='lat' dir='ltr'><strong>rm</strong></span> <span class='ocrx_word' id='word_1_253' title='bbox 267 3297 352 3337; x_wconf 86' lang='lat' dir='ltr'><strong>num.</strong></span> <span class='ocrx_word' id='word_1_254' title='bbox 802 3300 806 3306; x_wconf 80' lang='grc'><strong>’</strong></span> 
     </span>
    </p>
   </div>
   <div class='ocr_carea' id='block_1_3' title="bbox 188 3357 1130 3748">
    <p class='ocr_par' dir='ltr' id='par_1_6' title="bbox 188 3357 1130 3748">
     <span class='ocr_line' id='line_1_39' title="bbox 259 3357 1130 3436; baseline -0.005 -19"><span class='ocrx_word' id='word_1_255' title='bbox 259 3357 312 3418; x_wconf 83' lang='grc' dir='ltr'><strong>ΙΙΙ.</strong></span> <span class='ocrx_word' id='word_1_256' title='bbox 343 3358 498 3436; x_wconf 88' lang='lat' dir='ltr'><strong>Postquam</strong></span> <span class='ocrx_word' id='word_1_257' title='bbox 515 3359 639 3424; x_wconf 84' lang='lat' dir='ltr'><strong>,domum</strong></span> <span class='ocrx_word' id='word_1_258' title='bbox 664 3360 790 3418; x_wconf 88' lang='lat' dir='ltr'><strong>reditum</strong></span> <span class='ocrx_word' id='word_1_259' title='bbox 811 3367 863 3428; x_wconf 80' lang='lat' dir='ltr'><strong>est,</strong></span> <span class='ocrx_word' id='word_1_260' title='bbox 888 3357 1009 3436; x_wconf 79' lang='lat' dir='ltr'><strong>collegas</strong></span> <span class='ocrx_word' id='word_1_261' title='bbox 1032 3357 1097 3432; x_wconf 87' lang='lat' dir='ltr'><strong>ejus</strong></span> <span class='ocrx_word' id='word_1_262' title='bbox 1118 3360 1130 3413; x_wconf 91' lang='lat' dir='ltr'><strong>l</strong></span> 
     </span>
     <span class='ocr_line' id='line_1_40' title="bbox 190 3435 1098 3512; baseline -0.003 -19"><span class='ocrx_word' id='word_1_263' title='bbox 190 3435 245 3494; x_wconf 90' lang='lat' dir='ltr'><strong>boc</strong></span> <span class='ocrx_word' id='word_1_264' title='bbox 268 3438 391 3496; x_wconf 90' lang='lat' dir='ltr'><strong>crimine</strong></span> <span class='ocrx_word' id='word_1_265' title='bbox 415 3439 640 3496; x_wconf 84' lang='lat' dir='ltr'><strong>accusabantur.</strong></span> <span class='ocrx_word' id='word_1_266' title='bbox 691 3438 809 3504; x_wconf 81' lang='lat' dir='ltr'><strong>Quibus</strong></span> <span class='ocrx_word' id='word_1_267' title='bbox 831 3437 883 3494; x_wconf 89' lang='lat' dir='ltr'><strong>ille</strong></span> <span class='ocrx_word' id='word_1_268' title='bbox 904 3436 1042 3512; x_wconf 88' lang='lat' dir='ltr'><strong>permisit,</strong></span> <span class='ocrx_word' id='word_1_269' title='bbox 1065 3441 1098 3490; x_wconf 92' lang='lat' dir='ltr'><strong>ut</strong></span> 
     </span>
     <span class='ocr_line' id='line_1_41' title="bbox 189 3509 1097 3589; baseline -0.011 -17"><span class='ocrx_word' id='word_1_270' title='bbox 189 3533 304 3574; x_wconf 87' lang='lat' dir='ltr'><strong>omnem</strong></span> <span class='ocrx_word' id='word_1_271' title='bbox 318 3535 438 3576; x_wconf 83' lang='lat' dir='ltr'><strong>causam</strong></span> <span class='ocrx_word' id='word_1_272' title='bbox 452 3517 483 3574; x_wconf 90' lang='lat' dir='ltr'><strong>iu</strong></span> <span class='ocrx_word' id='word_1_273' title='bbox 496 3535 528 3574; x_wconf 88' lang='lat' dir='ltr'><strong>se</strong></span> <span class='ocrx_word' id='word_1_274' title='bbox 540 3516 740 3585; x_wconf 81' lang='lat' dir='ltr'><strong>transferrent,</strong></span> <span class='ocrx_word' id='word_1_275' title='bbox 755 3531 867 3589; x_wconf 84' lang='lat' dir='ltr'><strong>sueque</strong></span> <span class='ocrx_word' id='word_1_276' title='bbox 880 3530 969 3588; x_wconf 84' lang='lat' dir='ltr'><strong>opere</strong></span> <span class='ocrx_word' id='word_1_277' title='bbox 987 3509 1097 3565; x_wconf 85' lang='lat' dir='ltr'><strong>iactum</strong></span> 
     </span>
     <span class='ocr_line' id='line_1_42' title="bbox 188 3583 1098 3671; baseline -0.011 -19"><span class='ocrx_word' id='word_1_278' title='bbox 188 3594 404 3664; x_wconf 85' lang='lat' dir='ltr'><strong>contenderent,</strong></span> <span class='ocrx_word' id='word_1_279' title='bbox 428 3605 462 3654; x_wconf 92' lang='lat' dir='ltr'><strong>ut</strong></span> <span class='ocrx_word' id='word_1_280' title='bbox 484 3594 544 3671; x_wconf 83' lang='lat' dir='ltr'><strong>legi</strong></span> <span class='ocrx_word' id='word_1_281' title='bbox 567 3611 625 3652; x_wconf 91' lang='lat' dir='ltr'><strong>non</strong></span> <span class='ocrx_word' id='word_1_282' title='bbox 644 3592 803 3650; x_wconf 88' lang='lat' dir='ltr'><strong>obedirent.</strong></span> <span class='ocrx_word' id='word_1_283' title='bbox 844 3589 914 3654; x_wconf 85' lang='lat' dir='ltr'><strong>Qua</strong></span> <span class='ocrx_word' id='word_1_284' title='bbox 934 3583 1098 3642; x_wconf 84' lang='lat' dir='ltr'><strong>defensione</strong></span> 
     </span>
     <span class='ocr_line' id='line_1_43' title="bbox 190 3665 1099 3748; baseline -0.01 -18"><span class='ocrx_word' id='word_1_285' title='bbox 190 3669 250 3730; x_wconf 77' lang='lat' dir='ltr'><strong>ntis</strong></span> <span class='ocrx_word' id='word_1_286' title='bbox 263 3671 393 3748; x_wconf 88' lang='lat' dir='ltr'><strong>periculo</strong></span> <span class='ocrx_word' id='word_1_287' title='bbox 405 3672 544 3741; x_wconf 85' lang='lat' dir='ltr'><strong>liberatis,</strong></span> <span class='ocrx_word' id='word_1_288' title='bbox 553 3689 639 3729; x_wconf 91' lang='lat' dir='ltr'><strong>nemo</strong></span> <span class='ocrx_word' id='word_1_289' title='bbox 652 3665 884 3746; x_wconf 83' lang='lat' dir='ltr'><strong>Epaminondam</strong></span> <span class='ocrx_word' id='word_1_290' title='bbox 894 3675 1099 3735; x_wconf 81' lang='lat' dir='ltr'><strong>responsurum</strong></span> 
     </span>
    </p>
   </div>
   <div class='ocr_carea' id='block_1_4' title="bbox 0 0 1336 4296">
    <p class='ocr_par' dir='ltr' id='par_1_7' title="bbox 0 0 1336 4296">
     <span class='ocr_line' id='line_1_44' title="bbox 0 0 1336 4296; baseline 0 0"><span class='ocrx_word' id='word_1_291' title='bbox 0 0 1336 4296; x_wconf 95' lang='lat' dir='ltr'><strong> </strong></span> 
     </span>
    </p>
   </div>
  </div>
 </body>
</html>
