2692 4306
422 392 462 455 ΙΙ.
488 397 586 466 9,10.
629 391 890 471 (Themistocles.)
1070 393 1108 452 19

202 541 276 602 leret
298 539 373 609 sibi3
395 539 513 597 difficile
536 538 615 596 enim
638 557 716 607 esse,
736 537 767 595 in
788 547 847 594 tam
864 537 1023 614 propinquo
1043 537 1109 596 loco

202 631 262 678 tuto
283 638 349 676 eum
367 609 489 676 ver's't‘ri.
529 618 630 692 ltaque
652 617 784 692 Pydnam
804 635 871 674 eum
890 616 995 674 deduci
1012 616 1109 692 jussit,

204 711 234 756 et
246 698 323 773 quod
337 698 409 756 satis
424 707 505 754 esset
517 696 654 771 praesidii,
663 695 752 753 dedit.
783 695 843 752 Hic
857 695 888 752 in
901 713 1006 753 navem
1018 695 1107 754 omni-
1129 696 1149 753 o

203 779 256 836 bus
282 777 398 852 ignotus
420 775 515 832 nautis
536 775 697 832 adscendit.
739 775 812 841 Quae
832 793 919 850 quum
937 783 1109 850 tempestate

203 856 330 914 maxima
357 855 473 912 Naxum
494 853 624 923 serretur,
647 853 696 910 ubi
718 864 778 911 turn
799 853 1021 911 Atheniensium
1049 863 1111 910 erst

205 933 369 992 exercitus:
392 933 486 990 sensit
504 931 730 1002 Themistocles,
745 933 772 990 si
792 951 828 990 eo
848 933 1039 1008 pervenisset,
1053 931 1109 990 sibi

205 1012 470 1089 essepercundum.
500 1011 750 1070 Hacnecessitate
762 1011 1110 1082 coactusdominonsvis,
1180 1009 1184 1018 ’

205 1092 254 1166 qui
269 1093 316 1161 sit,
331 1091 433 1166 aperit,
447 1091 535 1148 multa
547 1089 701 1166 pollicens,
715 1091 742 1148 si
762 1110 796 1148 se
818 1099 1031 1148 conservasset.
1072 1091 1111 1147 At
1131 1094 1148 1148 7

205 1171 267 1240 ille,
278 1169 433 1227 clarissimi
447 1169 500 1226 viri
514 1181 614 1246 captus
628 1169 836 1240 misericordia,
849 1169 927 1227 diem
938 1178 1110 1244 noctemque

206 1249 307 1326 procul
321 1250 357 1305 ab
371 1249 467 1306 insula
480 1249 511 1306 in
525 1249 587 1306 salo
605 1267 709 1306 navem
728 1249 820 1306 tenuit
832 1248 863 1306 in
877 1248 1002 1318 ancoris,
1015 1262 1110 1324 neque

207 1346 377 1402 quemquam
390 1345 428 1384 ax
442 1346 479 1384 ea
493 1327 572 1384 exire
586 1346 690 1402 passus
706 1337 760 1385 est.
794 1327 867 1386 lude
882 1327 1034 1402 Ephesum
1047 1345 1111 1404 per·

209 1407 297 1474 venit,
307 1407 402 1481 ibique
416 1405 646 1464 Themistoclem
660 1407 778 1483 exponit
787 1427 803 1465 ι-
816 1407 865 1464 cui
878 1407 928 1464 ille
939 1424 991 1482 pro
1000 1407 1111 1464 meritis

210 1485 330 1561 gratiam
341 1495 444 1560 postea
457 1485 564 1543 retulit.

252 1564 306 1622 IX.
337 1563 415 1634 Scio,
440 1565 595 1640 plerosque
617 1564 657 1622 ita
679 1564 846 1639 scripsisse,
873 1563 1112 1634 Themistoclem,
1135 1567 1148 1622 1

210 1642 311 1700 Xerxe
324 1653 471 1719 regnante,
485 1643 517 1700 in
531 1643 633 1700 Asiam
651 1643 803 1700 transisse.
846 1643 907 1700 Sed
927 1659 983 1718 ego
998 1643 1113 1718 potissi·

209 1741 287 1778 mum
296 1721 463 1798 Thucydidi
477 1722 575 1792 credo,
586 1723 662 1796 quod
676 1732 758 1779 aetate
771 1722 928 1798 proximus,
938 1721 987 1796 qui
1000 1721 1114 1779 illorum

210 1813 369 1876 temporum
395 1801 545 1858 historiam
571 1802 762 1876 reliquerunt,
776 1810 805 1858 et
829 1801 960 1877 ejusdem
988 1799 1112 1858 civitatis

208 1879 271 1937 fuit.
313 1881 343 1938 ls
358 1890 454 1936 autem
473 1880 521 1950 ait,
536 1880 573 1936 ad
593 1881 782 1938 Artaxerxem
802 1899 868 1937 eum
881 1880 1009 1951 venisse,
1028 1891 1113 1955 atque

207 1959 256 2016 his
267 1959 362 2016 verbis
378 1959 531 2034 epistolam
540 1959 657 2017 misisse
668 1981 675 2018 :
696 1959 891 2018 Themistocles
900 1962 963 2018 veui
972 1961 1010 2018 od
1020 1971 1055 2029 te,
1066 1961 1114 2036 qui
1132 1964 1151 2017 2

205 2038 329 2118 plurimo
350 2037 425 2094 molo
443 2039 561 2094 omnium
583 2039 732 2096 Graicmtm
751 2040 781 2096 in
804 2039 911 2097 &mum
929 2051 1005 2098 tuem
1021 2040 1113 2110 intuli,

207 2137 292 2193 quum
312 2118 380 2174 midi
402 2135 511 2174 neeesse
525 2115 598 2194 suit,
621 2119 756 2176 adversus
774 2129 883 2196 petrem
907 2129 984 2176 tuum
1005 2119 1115 2190 bellare,

206 2198 380 2276 patriamque
406 2215 493 2252 meum
519 2195 670 2274 defendere.
722 2197 801 2255 Idem
823 2199 908 2255 multo
930 2199 1017 2275 pluro
1044 2199 1153 2256 domei

211 2275 337 2352 [rursum]
342 2273 413 2351 feei,
422 2285 569 2352 postquam
580 2278 610 2334 in
624 2287 683 2334 tuto
697 2277 765 2354 ipse,
777 2287 803 2333 et
819 2278 865 2334 ille
879 2279 909 2334 m
917 2278 1115 2357 perimlolesse

210 2356 299 2431 cupit.
340 2353 418 2410 Nom
431 2374 514 2430 quum
532 2357 563 2412 io
575 2357 678 2414 Asiam
700 2357 801 2413 rmertt'
820 2355 908 2424 vellet,
924 2357 1022 2432 prelio
1042 2356 1117 2434 opud

214 2431 453 2509 Salaminafocto,
465 2433 567 2491 litteris
580 2455 640 2491 eum
653 2435 793 2491 certiorem
798 2432 869 2510 feci,
882 2435 913 2490 id
926 2437 983 2510 agi,
993 2445 1026 2490 ut
1034 2455 1116 2512 ports,

210 2532 291 2588 quem
303 2513 333 2568 im
345 2511 526 2588 Hellesponto
531 2512 651 2590 fecerat,
671 2512 876 2579 dissolveretur,
890 2522 970 2586 atque
984 2513 1019 2568 ol>
1032 2513 1117 2570 hosti-

212 2591 265 2647 bus
285 2592 490 2650 circumiretur:
510 2612 563 2668 puo
581 2593 679 2648 nuntio
702 2591 749 2648 alle
763 2590 887 2666 periculo
908 2601 951 2648 est
973 2591 1114 2650 liberatus.

213 2669 299 2726 Nurac
317 2680 407 2728 eutem
425 2669 539 2748 confugi
559 2671 597 2728 ad
618 2681 652 2740 te,
671 2671 831 2747 exagitatos
844 2691 863 2728 o
876 2681 974 2728 minoto
997 2671 1117 2744 Greeio,
1137 2677 1155 2731 4
1216 2711 1220 2718 ·

213 2759 290 2806 tuom
304 2760 401 2826 petens
419 2752 588 2808 amicitiam:
609 2770 690 2826 quam
703 2753 730 2807 si
748 2769 794 2806 ere
814 2749 938 2827 odeptus,
952 2771 1007 2808 non
1024 2754 1118 2811 minus

213 2847 256 2884 me
280 2828 377 2884 donum
403 2830 520 2886 amicum
539 2830 660 2900 dolebis,
690 2849 772 2906 quem
784 2827 892 2906 fortem
909 2832 1049 2888 inimicum
1070 2833 1117 2890 ille

215 2917 341 2982 expertus
354 2917 406 2964 est.
440 2903 489 2965 Eu
503 2919 593 2966 autem
606 2929 681 2986 rogo,
695 2919 727 2966 ut
740 2909 773 2966 de
786 2910 832 2966 ltis
843 2909 934 2979 relus,
948 2931 1018 2986 quos
1032 2922 1119 2968 tecum

184 3019 197 3030 -·
214 2985 330 3061 colloqui
339 2986 408 3056 uolo,
423 3007 526 3045 annom
538 2989 605 3048 mitt
615 2990 744 3067 temporis
754 2988 813 3060 des,
826 3007 907 3064 eoque
921 2999 1062 3048 transacto
1081 2991 1119 3048 od

215 3074 241 3120 te
254 3066 345 3122 veuire
355 3067 487 3142 potiaris.

255 3143 294 3200 X.
317 3143 413 3220 Hujus
427 3163 479 3202 rex
489 3145 811 3222 animimagnitudinem
821 3145 975 3218 admirans,
985 3147 1119 3223 cupiens·
1141 3150 1156 3206 1

214 3239 271 3295 que
282 3223 371 3280 talem
380 3223 472 3280 virum
482 3225 538 3282 sihi
552 3224 711 3296 conciliari,
719 3225 834 3282 veniam
845 3225 933 3283 dedit.
969 3227 1119 3286 Illeomue
1244 3225 1246 3232 ’

214 3301 288 3358 illud
300 3311 413 3377 tempus
424 3303 528 3360 litteris
543 3303 725 3379 sermonique
740 3305 895 3362 Persarum
905 3305 1000 3364 dedit:
1016 3306 1119 3382 quibus

214 3379 291 3436 adeo
318 3380 446 3440 eruditus
471 3392 525 3453 est,
546 3393 578 3439 ut
600 3383 688 3440 multo
711 3383 887 3442 commodius
911 3384 1023 3442 dicatur
1045 3384 1121 3461 apud

214 3475 317 3534 regem
330 3460 420 3516 cerba
438 3459 559 3532 fecisse,
572 3463 658 3536 quam
670 3461 703 3519 hi
721 3472 862 3538 poterant,
875 3464 924 3538 qui
944 3464 976 3522 in
997 3463 1120 3522 Perside

215 3545 299 3594 erant
310 3537 398 3606 nati}
415 3539 474 3598 llio
484 3558 571 3615 quum
580 3541 669 3598 multa
681 3540 744 3617 regi
759 3551 839 3600 esset
852 3543 1008 3618 pollicitus,
1019 3541 1120 3616 gratis·
1139 3545 1159 3602 2

169 3647 171 3652 .
215 3615 378 3691 shnumque
389 3615 469 3690 illud,
480 3619 507 3676 si
517 3619 578 3680 suis
589 3619 631 3678 uti
640 3619 771 3680 consiliis
779 3621 878 3692 vellet,
887 3620 969 3680 illum
978 3618 1122 3678 Graeciam

125 3721 128 3730 λ
216 3692 295 3752 bello
319 3713 541 3772 oppressurum,
568 3697 683 3776 magnis
709 3697 876 3758 muneribus
900 3700 936 3757 ab
960 3698 1120 3756 Artaxerxe

219 3769 339 3844 mamus
353 3773 384 3832 in
397 3775 500 3834 Asiam
518 3775 613 3848 rediit,
629 3776 873 3851 domiciliumque·
883 3774 1045 3852 Magnesia
1065 3775 1122 3836 sibi
