2692 4306
278 414 321 474 ta
572 405 614 470 X.
654 415 681 484 l,
697 415 727 471 2.
763 407 886 488 (Dion.)

240 559 253 614 1
309 557 339 618 ..Ι
361 555 447 624 Dion,
459 554 612 642 Hipparini
632 554 719 625 filius,
734 555 943 629 Syracusanus,
956 552 1047 611 nobili
1068 574 1177 631 genere

275 645 357 691 natus
360 643 494 707 ,unaque
505 631 667 708 implicatus
680 632 827 707 tyrannide
840 632 1054 707 Dionysiorum.
1087 634 1177 691 Nam-

275 732 329 802 que
344 712 394 768 ille
408 711 539 785 superior
552 709 781 779 Aristomachen,
795 728 923 766 sororem
944 710 1058 780 Dionis,
1077 710 1176 770 habuit

238 811 241 818 ’
275 790 305 847 in
327 789 515 857 matrimonio,
530 806 567 844 ex
579 807 636 863 qua
659 788 731 844 duos
751 788 837 857 filios,
858 787 1050 876 Hipparinum
1064 801 1093 846 et
1113 791 1176 865 Ny·

275 887 372 938 saeum,
382 867 551 942 procreavit,
560 866 733 941 totidemque
747 866 831 936 filias,
840 865 956 923 nomine
967 866 1177 958 Sophrosynen

276 957 305 1004 et
328 948 454 1003 Areten·
474 963 593 1020 quarum
613 945 737 1020 priorem
751 944 894 1019 Dionysio
916 944 1102 1015 fili0,eidem,
1127 946 1176 1003 cni

275 1041 394 1100 regnum
415 1022 539 1099 reliquit,
552 1032 670 1098 nuptum
693 1021 781 1092 dedit,
795 1023 922 1111 alteram,
936 1023 1054 1092 Areten,
1076 1023 1175 1082 Dioni.

238 1105 253 1159 2
276 1103 354 1160 Dion
368 1113 463 1160 autern
475 1111 578 1177 praeter
596 1101 722 1157 nobilem
739 1099 979 1174 propinquitatem
992 1120 1176 1176 generosam·

274 1200 330 1270 que
343 1183 480 1270 majorum
504 1179 607 1237 famam
620 1179 709 1235 multa
728 1179 786 1235 alia
799 1180 834 1235 ab
853 1188 954 1235 natura
973 1177 1072 1236 habuit
1090 1181 1176 1250 bona,

274 1259 305 1315 in
318 1259 387 1316 his
380 1258 528 1334 ingenium
541 1257 645 1326 docile,
660 1275 752 1326 come,
774 1267 870 1332 aptum
883 1256 920 1314 ad
941 1267 1028 1314 artes
1034 1257 1174 1332 optimas;

274 1355 408 1413 magnam
422 1336 549 1410 corporis
564 1334 741 1410 dignitatem,
764 1353 826 1409 qua
849 1353 909 1392 non
922 1335 1070 1392 minimum
1097 1354 1176 1394 com·

274 1415 442 1484 mendatur;
462 1433 581 1489 magnas
602 1424 742 1488 praeterea
765 1413 879 1470 divitias
904 1433 922 1470 a
944 1423 1025 1488 patre
1047 1413 1175 1504 relictas,

238 1497 346 1568 3quas
370 1494 434 1569 ipse
458 1492 572 1582 tyranni
598 1492 762 1549 muneribus
787 1501 914 1548 auxerat.
966 1491 1066 1549 Erat
1058 1493 1175 1550 intimus

276 1572 419 1662 Dionysio
429 1571 527 1647 priori,
540 1589 635 1644 neque
649 1570 743 1628 minus
763 1581 880 1645 propter
892 1588 998 1640 mores,
1012 1589 1097 1645 quam
1116 1572 1176 1630 affi-

274 1651 402 1708 nitatem.
443 1650 472 1707 N
474 1667 575 1723 amque
597 1649 652 1706 etsi
667 1649 804 1724 Dionysii
818 1648 1014 1706 crudelitas'
988 1667 1017 1706 er
1037 1648 1176 1725 displice·

274 1729 332 1799 bat,
345 1740 441 1786 tamen
455 1729 566 1785 salvum
582 1737 698 1802 propter
712 1726 968 1798 necessitudinem,
981 1727 1073 1803 magis
1088 1727 1177 1786 etiarn

276 1825 390 1863 suorum
405 1825 501 1874 causa,
516 1805 656 1862 studebat.
696 1805 805 1862 Aderat
824 1806 855 1862 in
868 1806 980 1882 magnis
999 1807 1084 1863 rebus
1099 1807 1176 1882 ejus-

275 1903 331 1959 que
345 1884 468 1940 consilio
480 1884 598 1939 multum
610 1885 778 1940 movebatur
790 1894 937 1959 tyrannus,
950 1885 1009 1942 nisi
1023 1903 1078 1960 qua
1097 1885 1128 1942 in
1142 1903 1174 1944 re

239 1965 255 2018 4
274 1963 364 2038 major
385 1961 477 2036 ipsius
495 1961 635 2036 cupiditas
659 1961 874 2020 intercesserat.
916 1963 1092 2039 Legationes
1105 1981 1175 2021 vero

278 2040 415 2117 [omnes],
429 2059 491 2115 quae
513 2049 612 2096 essent
633 2039 803 2097 illustriores
806 2060 880 2116 ,per
900 2041 1026 2098 Dionem
1039 2041 1176 2099 adminis-

275 2120 436 2187 trabantur;
457 2137 527 2192 quas
536 2119 651 2192 quidem
664 2119 714 2175 ille
729 2119 884 2196 diligenter
897 2119 1037 2189 obeundo,
1051 2121 1176 2178 fideliter

275 2195 508 2284 administrando,
523 2196 752 2254 crudelissimum
765 2216 870 2254 nornen
883 2197 997 2272 tyranni
1010 2217 1063 2254 sua
1076 2197 1175 2255 huma·

237 2279 254 2330 5
274 2275 362 2332 nitate
376 2276 500 2350 tegebat
532 2275 619 2332 Hunc
633 2294 651 2331 a
665 2275 808 2350 Dionysio
821 2277 941 2332 missum
955 2276 1176 2352 Carthaginien·

275 2371 325 2410 ses
350 2363 550 2429 suspexerunt,
574 2363 605 2409 ut
627 2353 773 2410 neminem
793 2373 926 2428 umquam
951 2354 1054 2412 Graeca
1075 2353 1176 2431 lingua

274 2432 439 2506 loquentem
450 2432 543 2507 magis
558 2431 616 2488 sint
629 2431 769 2488 admirati.

238 2515 252 2568 l
300 2511 355 2586 11.
396 2510 500 2586 Neque
513 2529 583 2566 vero
607 2509 669 2566 haec
695 2510 869 2586 Dionysium
888 2509 1045 2586 fugiebant.
1086 2510 1175 2581 Nam,

274 2599 378 2664 quanto
392 2596 472 2646 esse.
492 2587 547 2645 sibi
568 2599 742 2658 ornamento,
757 2589 908 2646 sentiebat.
950 2589 1015 2655 Quo
1035 2589 1131 2659 fiebat,
1144 2601 1176 2648 ut

275 2667 326 2724 uni
338 2666 407 2724 huic
421 2667 544 2755 maxime
558 2666 728 2742 indulgeret,
742 2686 837 2741 neque
852 2686 918 2724 eum
931 2687 1018 2724 secus
1039 2668 1175 2743 diligeret

237 2749 254 2802 2
276 2764 310 2802 ac
323 2744 430 2802 filium·
453 2743 502 2833 qui
521 2744 644 2818 quidem,
658 2764 753 2820 quum,
774 2745 926 2804 Platonem
946 2745 1104 2803 Tarentum
1123 2765 1174 2804 ve·

274 2823 365 2892 nisse,
379 2822 475 2879 sarna
467 2840 497 2878 ιιι
512 2822 644 2880 Siciliam
658 2834 738 2880 esset
748 2824 866 2898 perlata,
876 2823 1054 2881 adolescenti
1064 2843 1174 2900 negare

273 2919 332 2958 non
346 2899 476 2976 potuerit,
490 2901 559 2974 quin
579 2919 645 2957 eum
659 2911 829 2970 arcesseret,
842 2921 928 2976 quum
949 2901 1066 2959 Dion'
1041 2921 1103 2979 ejus
1124 2922 1174 2960 au·

275 2979 374 3036 diendi
397 2978 551 3054 cupiditate
578 2979 720 3053 flagraret.
761 2945 850 3036 Dedit
874 2998 942 3055 ergo
965 2979 1034 3037 huic
1058 2980 1173 3038 veniam

273 3076 432 3134 magnaque
454 3075 520 3113 eum
538 3057 690 3114 ambitione
713 3058 874 3132 Syracusas
894 3059 1035 3133 perduxit.
1078 3060 1174 3150 Quem

237 3137 253 3192 3
275 3135 354 3194 Dion
368 3136 441 3192 adeo
456 3133 608 3192 admiratus
623 3145 668 3192 est
681 3145 764 3209 atque
780 3136 931 3206 adamavit,
944 3147 976 3193 ut
995 3156 1028 3194 se
1041 3147 1131 3194 totum
1145 3139 1174 3195 ei

307 3245 344 3284 ³05
392 3213 526 3270 traderet.
554 3213 658 3287 Neque
672 3232 740 3270 vero
753 3215 847 3272 minus
862 3215 945 3272 Plato
959 3215 1118 3272 delectatus
1128 3226 1174 3273 est

280 3303 300 3333 ¹²
313 3295 337 3334 ⁰
350 3303 371 3334 ¹¹·
393 3292 498 3349 Dione
539 3291 639 3365 Itaque
653 3311 739 3380 quum
753 3311 771 3348 a
789 3292 932 3368 Dionysio
949 3294 1098 3384 [manno]
1111 3313 1174 3351 cru·

274 3369 378 3426 deliter
389 3370 512 3426 violatus
527 3382 615 3440 esset,
629 3371 734 3445 quippe
750 3389 835 3444 quem
848 3372 1036 3428 venumdari'
1024 3373 1173 3447 Jussisset,
1199 3420 1201 3424 .

180 3483 182 3487 ·
273 3458 370 3505 tamen
383 3449 486 3505 eodem
499 3449 593 3518 rediit,
608 3413 738 3524 ’ejusdem
752 3449 856 3506 Dionis
872 3449 1007 3524 precibus
1022 3450 1172 3507 adductus.

238 3529 254 3582 t
274 3527 413 3584 Interirn'
405 3545 436 3583 ιιι
449 3528 577 3584 morbum
590 3527 692 3584 incidit
705 3527 875 3604 Dionysius
917 3528 983 3593 Quo
991 3547 1077 3602 quum
1091 3527 1173 3603 gravi

274 3604 493 3675 conflictaretur,
507 3606 639 3679 quaesivit
658 3625 676 3662 a
691 3605 814 3662 medicis
835 3605 922 3694 Dion,
936 3606 1174 3696 quemadmodum

273 3701 308 3740 se
318 3682 456 3741 haberet?
474 3684 620 3758 simulque
634 3685 670 3741 ab
683 3683 730 3740 his
744 3665 836 3758 petiit,
850 3683 962 3740 s1sorte
975 3685 1078 3760 majori
1092 3699 1174 3742 esset

273 3760 411 3836 pericido,
426 3771 457 3818 ut
470 3761 526 3819 sibi
542 3761 713 3820 faterentur:
734 3779 802 3818 nam
814 3761 891 3819 velle
905 3779 939 3820 se
954 3780 1020 3820 cum
1034 3781 1070 3821 co
1084 3761 1174 3820 collo·
