2692 4306
302 383 345 442 ra
538 374 659 441 xvrn.
706 381 733 438 1.
779 372 972 459 (nm.)

299 527 442 590 babuerat
462 529 493 587 in
516 527 676 588 tribuendis
695 527 785 586 animi
798 526 961 598 virtutibus,
976 526 1020 586 sic
1043 526 1207 590 maleficam

298 618 402 666 nactus
424 616 468 665 est
488 609 518 665 in
542 626 662 686 corpore
683 605 827 683 fingendo.
868 605 949 664 Nam
970 614 999 662 et
1018 613 1132 664 stetura
1152 605 1207 668 suit

299 686 412 755 humili,
424 695 453 744 et
466 705 585 763 corpore
599 687 713 766 exiguo,
728 695 757 744 et
770 684 894 742 claudus
908 684 998 742 altero
1011 684 1093 760 pede.
1129 686 1209 752 Quae

299 781 347 822 rea
360 765 447 822 etiam
460 765 630 824 nonnullam
650 764 788 821 afferebat
810 762 1036 820 desonnitetem:
1058 773 1143 838 etque
1164 767 1208 841 ig-

298 841 367 912 noti,
382 840 487 901 faciem
500 844 565 919 ejus
577 861 669 920 quum
689 843 878 911 intuerentur,
893 841 1132 914 contemnebant3
1155 844 1209 918 qui

299 930 397 978 autem
421 923 541 980 vlrtutes
563 930 711 990 noverant,
735 938 792 977 non
813 928 943 996 poterant
967 917 1104 976 admirari
1123 923 1207 978 setis.

259 1001 279 1054 2
299 998 385 1064 Quod
410 1000 446 1056 ei·
462 1018 518 1057 usu
532 1001 619 1069 venit,
640 1017 732 1076 quum
752 1016 894 1056 annorum
915 997 1060 1072 octoginta
1079 999 1210 1058 subsidIo

299 1077 402 1136 Tacho
414 1079 445 1135 in
456 1077 618 1156 AEgyptum
631 1079 720 1146 iisset,
732 1086 760 1134 et
774 1077 804 1133 in
816 1085 881 1134 acte
894 1094 963 1134 oum
976 1076 1038 1132 suia
1052 1077 1208 1136 accubuis-

299 1165 343 1214 set
365 1157 428 1214 eine
449 1156 510 1214 ullo
529 1167 624 1228 teoto;
646 1167 825 1232 stratumque
850 1155 969 1212 haberet
989 1154 1057 1223 tale,
1073 1165 1105 1212 ut
1127 1165 1207 1214 terra

298 1243 376 1292 tecta
389 1244 465 1293 esset
485 1235 658 1305 stramentis,
678 1252 773 1310 neque
795 1234 853 1291 buc
867 1232 1002 1308 amplius,
1016 1250 1105 1308 quam
1122 1234 1211 1308 pellis

299 1322 374 1371 esset
397 1313 523 1390 injecta;
554 1312 712 1389 eodemque
736 1311 856 1370 comites
878 1329 978 1368 omnes
1002 1311 1211 1370 accubuissent

299 1391 405 1449 vestitu
429 1391 531 1448 humiIi
555 1400 642 1468 atque
664 1391 800 1460 obsoleto,
825 1399 858 1447 ut
880 1407 983 1447 eornm
1005 1399 1125 1447 emotus
1147 1408 1211 1448 non

201 1504 206 1512 ·
299 1469 382 1528 modo
404 1469 435 1527 in
458 1469 504 1527 his
524 1487 623 1547 regem
636 1471 781 1527 neminem
802 1468 987 1544 significaret,
1008 1465 1059 1524 sed
1082 1467 1211 1526 bominis

260 1549 279 1602 3
299 1565 357 1606 non
370 1547 526 1606 beatissimi
539 1549 733 1624 suspicionem
746 1546 896 1624 preberet.
918 1545 1018 1620 Hujus
1030 1544 1066 1602 de
1077 1545 1210 1605 adventu

300 1624 379 1684 sema
392 1644 485 1703 quum
499 1625 536 1684 ad
556 1628 651 1704 regios
664 1635 740 1684 esset
753 1625 873 1702 perleta,
888 1623 1023 1684 celeriter
1036 1641 1160 1682 munera
1172 1644 1212 1682 eo

299 1704 443 1781 cujusque
463 1705 580 1782 generis
593 1713 661 1762 sunt
681 1705 779 1762 allata.
821 1701 877 1761 His
889 1702 1086 1779 querentibus
1100 1702 1210 1779 Agesi-

300 1781 381 1840 laum
394 1783 444 1839 vix
457 1781 530 1840 fides
549 1781 627 1840 sacta
640 1791 692 1852 est,
707 1799 799 1840 unum
812 1799 876 1838 esse
889 1799 929 1839 ex
941 1780 995 1851 bie,
1010 1781 1062 1856 qui
1081 1789 1144 1838 tum
1158 1799 1209 1840 ac-

260 1863 279 1916 4
299 1860 455 1918 cubabant.
496 1859 558 1926 Qui
571 1878 663 1937 quum
677 1861 754 1937 regis
774 1859 878 1929 verbis,
893 1877 960 1936 quea
979 1858 1144 1928 attulerunt,
1157 1859 1209 1918 de-

300 1936 416 2008 dissent,
430 1937 481 1995 ille
495 1947 599 2014 praeter
608 1937 731 1996 vitulina
744 1947 773 1996 et
786 1937 951 2013 hujusmodi
964 1954 1073 2016 genera
1086 1939 1209 2014 opsonii,

300 2033 367 2092 quae
391 2033 518 2093 praesens
544 2025 658 2093 tempus
679 2016 868 2086 desiderabat,
892 2016 964 2073 nihil
989 2016 1120 2090 accepit;
1154 2035 1209 2075 un-

299 2103 417 2170 guente,
426 2111 556 2164 coronas,
570 2094 786 2172 secundamque
796 2113 926 2153 mensam
939 2095 1032 2152 servis
1045 2094 1208 2170 dispertiit3

260 2175 280 2229 5
300 2181 399 2230 cetere
420 2169 522 2230 referri
540 2173 637 2249 jussit.
689 2173 757 2239 Quo
781 2172 858 2232 facto
880 2191 950 2231 enm
974 2172 1089 2230 barbari
1113 2175 1211 2251 megia

300 2251 387 2308 etiam
401 2259 625 2323 contemserunt,
640 2251 716 2329 quod
741 2270 809 2310 eum
829 2251 992 2329 ignorantia
1007 2250 1148 2308 bonerum
1162 2270 1209 2310 re-

259 2332 278 2386 θ
299 2347 364 2386 rum
378 2328 429 2387 illa
443 2329 621 2407 potissimum
632 2331 787 2408 sumpsisse
799 2330 1022 2388 arbitrabantur.
1044 2328 1104 2387 Hto
1115 2348 1210 2406 quum

299 2425 336 2466 ex
356 2407 486 2486 AEgypto
509 2419 711 2480 reverteretur,
732 2408 853 2466 donatus
872 2427 891 2466 a
910 2426 981 2486 rege
1004 2406 1209 2468 Nectanabide

300 2485 434 2546 ducentis
457 2486 562 2565 vigInti
585 2487 710 2559 talentis,
734 2503 801 2564 quea
824 2486 874 2544 ille
898 2487 1012 2544 muneri
1033 2487 1140 2562 populo
1153 2505 1210 2546 suo

299 2564 390 2635 daret,
404 2566 587 2642 venissetque
608 2566 640 2624 in
663 2575 786 2643 portum,
800 2564 851 2641 qui
872 2563 999 2623 Menelai
1012 2573 1143 2635 vocatur,
1162 2565 1208 2641 ja-

299 2661 370 2700 cens
383 2643 459 2700 inter
471 2642 604 2718 Cyrenas
617 2653 646 2702 et
660 2643 835 2721 'AEgyptum
849 2642 880 2700 in
894 2643 1027 2701 morbum
1047 2643 1210 2720 implicitus
1325 2683 1326 2700 2

228 2716 231 2722 ’
259 2724 278 2778 t
299 2719 432 2778 decessit.
474 2719 520 2779 lbi
533 2740 602 2780 eum
616 2723 713 2792 amici,
727 2740 786 2798 quo
798 2720 933 2798 Spertnm
947 2719 1064 2779 t’eoilins
1078 2719 1208 2798 perferre

299 2807 422 2876 possent,
436 2799 512 2875 quod
534 2801 592 2858 mel
615 2818 673 2859 non
693 2801 844 2870 hebebant,
859 2817 928 2858 cera
946 2797 1208 2871 circumfuderunt,

299 2885 385 2954 etque
399 2877 440 2934 ite
453 2876 568 2936 domum
583 2878 754 2936 retulerunt.

595 3111 917 3122 —-—·-————.

458 3274 658 3352 XVIII.
709 3277 893 3352 EUME
958 3277 1056 3351 ES.

260 3593 276 3648 l
339 3587 363 3648 Ι.
386 3585 535 3660 Eumenen,
560 3589 729 3649 Cardianus.
770 3589 870 3666 Hujus
941 3589 1042 3648 virtuti
1066 3607 1119 3666 per
1142 3588 1209 3646 date

298 3676 375 3727 esset
388 3666 511 3740 fortuna,
524 3687 581 3727 non
595 3670 645 3729 ille
659 3667 776 3746 quidem
784 3667 885 3745 major,
915 3667 950 3726 ed
964 3667 1055 3726 multo
1069 3667 1208 3726 illustrior

300 3754 387 3824 etque
407 3747 496 3806 etiam
519 3748 700 3808 honoratior:
721 3745 797 3824 quod
817 3765 846 3804 m
957 3745 1088 3806 homines
1101 3745 1207 3804 virtue
