2680 4304
281 385 323 448 ill)
494 377 617 442 XXIII.
661 385 690 454 3,
705 385 734 441 4.
778 375 985 460 (Hannibal.)

277 533 438 614 sacruficare
462 535 628 602 instituerat,
654 551 775 608 eamque,
797 532 896 590 eetems
916 531 1036 599 remotis,
1057 538 1191 588 mutuum

271 612 375 690 jurare
381 613 479 690 justat,
494 631 642 687 numquam
655 631 697 670 me
712 615 743 669 iu
752 613 876 672 amicitia
890 627 951 666 eum
964 606 1190 686 Rmuauissore.

238 694 257 748 b
278 689 315 748 Id
329 711 378 767 ego
384 692 586 768 jusjurandum
595 693 674 766 patri
687 691 782 748 datum
795 708 883 765 usque
897 688 935 744 ad
948 687 1018 744 barre
1032 696 1137 746 aarum
1150 690 1192 745 ita

278 775 448 840 aamercort,
473 781 504 829 ut
527 773 632 829 aemiru’
654 771 767 828 dubium
788 789 849 828 csse
870 767 975 836 debeat,
997 769 1064 842 quia
1083 769 1191 842 reliquo

238 853 256 906 6
278 860 394 924 tempore
408 853 504 910 eadem
517 860 604 908 merua
619 847 810 927 simfuturus.
855 844 961 918 Quare,
977 848 1004 902 ai
1017 847 1085 920 quid
1102 849 1191 904 amice

277 931 312 986 de
326 929 463 988 Romanis
478 930 620 1006 cogitabis,
642 949 697 986 nou
710 929 898 1003 imprudenter
912 923 1034 1003 feceris,
1049 927 1076 981 si
1091 944 1133 982 me
1148 944 1189 984 ee·

277 1011 374 1079 laris;
394 1029 477 1084 quum
490 1011 599 1084 quidem
614 1009 714 1066 bellum
733 1007 861 1082 parabis,
876 1014 901 1062 te
922 1008 1012 1079 ipsum
1025 1002 1189 1082 fmutrube·

277 1091 327 1162 ris,
343 1091 370 1145 ei
383 1108 424 1147 me
437 1108 493 1146 nou
506 1091 536 1146 iu
549 1107 581 1146 eo
590 1091 746 1162 principem
755 1088 896 1162 posueris.

240 1171 254 1223 1
318 1166 369 1226 111.
393 1166 464 1226 Hac'
485 1169 583 1246 igitur,
606 1187 665 1244 qua
689 1167 825 1236 diximus,
850 1173 935 1222 aetate
960 1182 1029 1221 eum
1054 1172 1136 1238 patre
1158 1163 1189 1219 in

278 1245 450 1323 Hispaniam
465 1245 611 1323 profectus
622 1257 681 1304 est:
703 1245 790 1320 cujus
804 1254 866 1322 post
876 1244 995 1312 obitum,
1003 1241 1190 1299 Hasdrubale

277 1325 450 1402 imperatore
465 1326 595 1396 suffecto,
610 1326 752 1402 equitatui
773 1325 851 1382 omni
872 1320 998 1399 praefuit.
1040 1319 1105 1378 Hoc
1119 1339 1189 1396 quo-

279 1423 336 1478 que
356 1403 515 1475 interfecto,
531 1407 678 1464 exercitus
692 1423 837 1462 summam
859 1401 974 1478 imperii
989 1399 1026 1458 ad
1049 1417 1118 1458 eum
1141 1399 1189 1458 de-

277 1484 353 1542 tulit.
395 1483 427 1542 Id
448 1484 655 1562 Carthaginem
679 1484 807 1542 delatum
831 1481 947 1558 publice
971 1479 1190 1555 comprobatum

238 1565 257 1618 2
277 1573 331 1620 eet.
366 1563 416 1622 Sic
430 1562 579 1622 Hannibal
594 1564 688 1622 minor
701 1563 829 1639 quinque
844 1571 872 1618 et
887 1559 990 1637 viginti
1004 1559 1089 1616 anuis
1102 1567 1191 1616 natus

277 1642 433 1719 imperator
454 1641 549 1702 iactus
570 1644 699 1720 proximo
713 1643 837 1700 triennio
850 1658 950 1700 omnes
968 1647 1069 1716 gentes
1083 1635 1190 1714 Hispa·

277 1721 335 1778 niae
354 1721 430 1780 bello
444 1722 558 1800 subegit
567 1742 577 1795 ;
600 1723 773 1800 Saguntum,
789 1719 959 1778 soederatam
985 1717 1143 1786 civitatem,
1159 1717 1189 1774 vi

238 1801 475 1876 bexpugnavit5
498 1811 557 1860 tres
572 1801 718 1860 exercitus
743 1801 883 1858 maximos
908 1796 1098 1874 comparavit.
1140 1795 1190 1852 Ex

278 1878 323 1934 his
338 1897 431 1936 unum
455 1879 485 1936 in
501 1879 637 1938 Africam
661 1881 746 1948 misit,
762 1880 887 1936 alterum
911 1895 981 1934 cum
1002 1874 1190 1933 Hasdrubale

278 1955 366 2014 fratre
388 1959 418 2014 in
443 1956 587 2034 Hispania
609 1959 735 2035 reliquit,
751 1959 869 2016 tertium
894 1957 923 2013 in
948 1955 1063 2014 Italiam
1087 1973 1191 2012 secum

276 2034 370 2094 duxit.
412 2036 528 2094 Saltum
550 2037 727 2112 Pyrenaeum
749 2038 873 2094 transiit.
916 2035 1113 2110 Quacumque
1134 2033 1192 2092 iter

277 2112 354 2184 iecit,
367 2133 435 2172 cum
449 2117 583 2174 omnibus
597 2117 700 2174 ineolis
715 2117 863 2188 conflixit5
887 2115 1042 2184 neminem,
1058 2113 1115 2170 nisi
1129 2114 1190 2170 vic-

238 2197 256 2250 4
277 2203 348 2262 turn,
364 2193 482 2251 dimisit.
520 2195 569 2252 Ad
585 2196 678 2272 Alpes
692 2205 878 2271 posteaquam
893 2195 981 2262 venit,
997 2211 1063 2268 quae
1074 2192 1190 2250 Italiam

277 2273 314 2330 ab
330 2272 428 2332 Gallia
442 2273 608 2350 sejungunt,
624 2294 697 2350 quaa
712 2293 796 2332 nemo
812 2293 950 2348 umquam
972 2291 1040 2330 cum
1056 2273 1190 2328 exercitu

277 2362 344 2410 anta
370 2372 448 2424 eum,
474 2365 579 2430 praeter
604 2354 765 2412 Herculem
790 2353 924 2421 Graium,
940 2353 1092 2408 transierat
1117 2349 1191 2426 (quo

277 2431 353 2490 sacto
373 2432 399 2490 is
419 2433 504 2492 hodie
525 2434 617 2492 saltus
639 2433 749 2491 Graius
770 2430 963 2508 appellatur):
986 2430 1115 2505 Alpicos,
1142 2449 1189 2486 eo-

276 2521 378 2570 uantes
392 2513 541 2589 prohibere
557 2513 689 2583 transitu,
701 2512 835 2582 concidit,
848 2511 914 2568 loca
929 2509 1072 2585 patefecit,
1084 2509 1191 2566 itinera

275 2592 390 2660 muniit,
405 2591 502 2650 effecit
516 2591 611 2668 [que],
622 2603 653 2650 ut
667 2610 703 2660 ea
717 2591 888 2668 elephantus
898 2598 1017 2646 ornatus
1031 2589 1073 2644 ire
1083 2598 1188 2664 posset,

275 2688 335 2744 qua
348 2679 435 2728 antea
449 2690 526 2728 unus
546 2671 631 2728 homo
645 2671 764 2728 inermis
778 2671 827 2727 vix
842 2678 950 2746 poterat
966 2686 1077 2744 repere.
1120 2665 1189 2726 Hac

276 2749 375 2824 copias
388 2749 524 2820 traduxit,
540 2751 569 2808 in
584 2749 755 2824 Italiamque
769 2749 909 2826 pervenit.

238 2830 253 2882 l
317 2825 370 2884 IV.
401 2825 577 2886 Conflixerat
602 2828 678 2905 apud
703 2829 878 2886 Rhodanum
901 2846 971 2886 curn
993 2826 1026 2884 P.
1053 2824 1190 2884 Cornelio

276 2905 411 2981 Scipione
426 2905 491 2964 Cos.
507 2925 634 2982 eumque
648 2908 808 2983 pepulerat.
850 2907 925 2964 Cum
939 2906 994 2964 hoo
1008 2903 1109 2962 eodem
1124 2903 1188 2981 [de]

276 2983 416 3042 Clastidio
437 2985 514 3060 apud
529 2985 640 3042 Padum
655 2985 802 3044 decernit:
824 2987 959 3043 saucium
974 2984 1040 3041 inde
1056 3002 1091 3040 ac
1107 2981 1189 3060 suga-

236 3067 256 3120 2
277 3072 339 3120 turn
353 3062 478 3122 dimittit.
521 3063 622 3122 Tertio
636 3064 713 3122 idem
734 3065 832 3141 Scipio
847 3083 916 3122 curn
931 3063 1053 3140 collega,
1069 3061 1189 3120 Tiberio

277 3141 387 3219 Longo,
404 3143 480 3218 apud
505 3143 644 3201 Trebiam
659 3143 800 3202 adversus
823 3163 892 3201 eum
907 3143 997 3201 venit.
1041 3141 1118 3199 Cum
1143 3141 1189 3198 his

277 3239 396 3280 manum
411 3223 576 3280 conseruit:
599 3233 735 3298 utrosque
760 3223 934 3300 profligavit.
976 3221 1046 3280 Inde
1066 3239 1118 3296 per
1139 3219 1188 3278 Li-

237 3305 255 3357 3
276 3319 366 3378 gures
381 3301 570 3378 Apenninum
589 3303 712 3374 transiit,
729 3314 828 3378 petens
853 3301 1014 3360 Etruriam.
1056 3299 1122 3358 Hoe
1143 3300 1187 3356 iti.

276 3398 346 3438 nere
372 3380 444 3438 adeo
464 3382 549 3456 gravi
574 3382 672 3438 morbo
697 3381 823 3440 afficitur
846 3381 1009 3450 oculorum,
1035 3388 1067 3436 ut
1091 3388 1188 3454 postea

276 3477 435 3536 numquam
451 3459 568 3518 dextero
582 3479 665 3536 aeque
680 3460 752 3518 bene
768 3480 838 3518 usus
853 3461 899 3518 sit.
938 3459 1008 3526 Qua
1023 3457 1188 3516 valetudine

275 3557 368 3614 quum
392 3541 480 3596 etiarn
504 3559 583 3598 nuno
609 3549 798 3616 premeretur,
813 3540 977 3614 lecticaque
1002 3537 1136 3605 serretur,
1152 3535 1186 3594 C.

277 3618 456 3676 Flaminium
476 3619 542 3676 Cos.
559 3619 635 3695 apud
660 3617 866 3676 Trasimenum
881 3637 950 3676 oum
964 3617 1095 3674 exercitu
1120 3615 1187 3672 insi·

275 3697 331 3756 diis
345 3699 579 3758 circumventum
592 3697 714 3758 oceidit:
736 3716 831 3773 neque
845 3697 936 3755 multo
950 3705 1013 3772 post
1032 3695 1067 3752 C.
1084 3693 1187 3754 Cente-

276 3777 358 3834 nium
381 3788 543 3854 praetorem,
558 3797 628 3836 onm
647 3777 761 3836 delecta
774 3794 864 3834 manu
877 3775 970 3834 saltus
983 3782 1185 3851 occupantem.
