<?xml version="1.0" encoding="UTF-8"?>
<!DOCTYPE html PUBLIC "-//W3C//DTD XHTML 1.0 Transitional//EN"
    "http://www.w3.org/TR/xhtml1/DTD/xhtml1-transitional.dtd">
<html xmlns="http://www.w3.org/1999/xhtml" xml:lang="en" lang="en">
 <head>
  <title>
</title>
<meta http-equiv="Content-Type" content="text/html;charset=utf-8" />
  <meta name='ocr-system' content='tesseract 3.04.00' />
  <meta name='ocr-capabilities' content='ocr_page ocr_carea ocr_par ocr_line ocrx_word'/>
</head>
<body>
  <div class='ocr_page' id='page_1' title='image "./corneliusneposw05nepogoog_0099.png"; bbox 0 0 2680 4304; ppageno 0'>
   <div class='ocr_carea' id='block_1_1' title="bbox 285 382 982 468">
    <p class='ocr_par' dir='ltr' id='par_1_1' title="bbox 285 382 982 468">
     <span class='ocr_line' id='line_1_1' title="bbox 285 382 982 468; baseline -0.019 -11"><span class='ocrx_word' id='word_1_1' title='bbox 285 395 328 456; x_wconf 73' lang='lat'><strong>92</strong></span> <span class='ocrx_word' id='word_1_2' title='bbox 489 387 611 454; x_wconf 88' lang='lat' dir='ltr'><strong>XXIII.</strong></span> <span class='ocrx_word' id='word_1_3' title='bbox 654 395 683 462; x_wconf 80' lang='lat'><strong>7,</strong></span> <span class='ocrx_word' id='word_1_4' title='bbox 702 395 732 451; x_wconf 85' lang='grc'><strong>8.</strong></span> <span class='ocrx_word' id='word_1_5' title='bbox 779 382 982 468; x_wconf 77' lang='lat' dir='ltr'><em>(Hannibal.)</em></span> 
     </span>
    </p>
   </div>
   <div class='ocr_carea' id='block_1_2' title="bbox 242 538 1193 3848">
    <p class='ocr_par' dir='ltr' id='par_1_2' title="bbox 244 538 1190 856">
     <span class='ocr_line' id='line_1_2' title="bbox 244 538 1188 617; baseline -0.012 -14"><span class='ocrx_word' id='word_1_6' title='bbox 244 547 260 603; x_wconf 85' lang='lat' dir='ltr'><strong>l</strong></span> <span class='ocrx_word' id='word_1_7' title='bbox 321 541 389 602; x_wconf 88' lang='lat' dir='ltr'><strong>VII.</strong></span> <span class='ocrx_word' id='word_1_8' title='bbox 404 542 513 609; x_wconf 81' lang='lat' dir='ltr'><strong>‚Quum</strong></span> <span class='ocrx_word' id='word_1_9' title='bbox 535 542 566 598; x_wconf 91' lang='lat' dir='ltr'><strong>in</strong></span> <span class='ocrx_word' id='word_1_10' title='bbox 580 540 744 617; x_wconf 78' lang='lat' dir='ltr'>apparando</span> <span class='ocrx_word' id='word_1_11' title='bbox 766 538 908 596; x_wconf 88' lang='lat' dir='ltr'><strong>acerrime</strong></span> <span class='ocrx_word' id='word_1_12' title='bbox 922 546 997 594; x_wconf 85' lang='lat' dir='ltr'><strong>esset</strong></span> <span class='ocrx_word' id='word_1_13' title='bbox 1018 545 1188 614; x_wconf 82' lang='lat' dir='ltr'><strong>occupatus,</strong></span> 
     </span>
     <span class='ocr_line' id='line_1_3' title="bbox 280 617 1188 698; baseline -0.01 -17"><span class='ocrx_word' id='word_1_14' title='bbox 280 622 536 698; x_wconf 74' lang='lat' dir='ltr'><strong>Carthaginienses</strong></span> <span class='ocrx_word' id='word_1_15' title='bbox 558 621 667 678; x_wconf 90' lang='lat' dir='ltr'><strong>bellum</strong></span> <span class='ocrx_word' id='word_1_16' title='bbox 689 637 758 676; x_wconf 90' lang='lat' dir='ltr'><strong>cum</strong></span> <span class='ocrx_word' id='word_1_17' title='bbox 785 617 926 675; x_wconf 83' lang='lat' dir='ltr'><strong>Romanis</strong></span> <span class='ocrx_word' id='word_1_18' title='bbox 951 626 1188 691; x_wconf 88' lang='lat' dir='ltr'><strong>composuerunt.</strong></span> 
     </span>
     <span class='ocr_line' id='line_1_4' title="bbox 282 693 1190 772; baseline -0.009 -13"><span class='ocrx_word' id='word_1_19' title='bbox 282 701 335 760; x_wconf 90' lang='lat' dir='ltr'><strong>Ille</strong></span> <span class='ocrx_word' id='word_1_20' title='bbox 358 701 447 758; x_wconf 87' lang='lat' dir='ltr'><strong>nihilo</strong></span> <span class='ocrx_word' id='word_1_21' title='bbox 470 699 567 758; x_wconf 88' lang='lat' dir='ltr'><strong>secius</strong></span> <span class='ocrx_word' id='word_1_22' title='bbox 591 699 733 756; x_wconf 88' lang='lat' dir='ltr'><strong>exercitui</strong></span> <span class='ocrx_word' id='word_1_23' title='bbox 758 707 856 772; x_wconf 90' lang='lat' dir='ltr'><strong>postea</strong></span> <span class='ocrx_word' id='word_1_24' title='bbox 877 693 1001 771; x_wconf 77' lang='lat' dir='ltr'><strong>praefuit,</strong></span> <span class='ocrx_word' id='word_1_25' title='bbox 1025 713 1129 769; x_wconf 88' lang='lat' dir='ltr'><strong>resque</strong></span> <span class='ocrx_word' id='word_1_26' title='bbox 1158 695 1190 751; x_wconf 91' lang='lat' dir='ltr'><strong>in</strong></span> 
     </span>
     <span class='ocr_line' id='line_1_5' title="bbox 282 771 1188 856; baseline -0.009 -19"><span class='ocrx_word' id='word_1_27' title='bbox 282 778 385 837; x_wconf 81' lang='lat' dir='ltr'><strong>Africa</strong></span> <span class='ocrx_word' id='word_1_28' title='bbox 407 779 504 856; x_wconf 83' lang='lat' dir='ltr'><strong>gessit,</strong></span> <span class='ocrx_word' id='word_1_29' title='bbox 522 778 662 854; x_wconf 90' lang='lat' dir='ltr'><strong>[itemque</strong></span> <span class='ocrx_word' id='word_1_30' title='bbox 684 775 772 851; x_wconf 88' lang='lat' dir='ltr'><strong>Mago</strong></span> <span class='ocrx_word' id='word_1_31' title='bbox 786 774 877 832; x_wconf 88' lang='lat' dir='ltr'><strong>irater</strong></span> <span class='ocrx_word' id='word_1_32' title='bbox 890 773 979 849; x_wconf 70' lang='lat' dir='ltr'><strong>ejus]</strong></span> <span class='ocrx_word' id='word_1_33' title='bbox 995 771 1138 846; x_wconf 89' lang='lat' dir='ltr'><strong>usquead</strong></span> <span class='ocrx_word' id='word_1_34' title='bbox 1154 773 1188 830; x_wconf 90' lang='lat' dir='ltr'><strong>P.</strong></span> 
     </span>
    </p>

    <p class='ocr_par' dir='ltr' id='par_1_3' title="bbox 242 852 1192 1248">
     <span class='ocr_line' id='line_1_6' title="bbox 242 852 1189 934; baseline -0.006 -20"><span class='ocrx_word' id='word_1_35' title='bbox 242 860 260 914; x_wconf 77' lang='lat'><em>2</em></span> <span class='ocrx_word' id='word_1_36' title='bbox 281 858 445 934; x_wconf 84' lang='lat' dir='ltr'><strong>Sulpicium</strong></span> <span class='ocrx_word' id='word_1_37' title='bbox 459 867 488 916; x_wconf 86' lang='lat' dir='ltr'><strong>et</strong></span> <span class='ocrx_word' id='word_1_38' title='bbox 507 857 541 914; x_wconf 92' lang='lat' dir='ltr'><strong>C.</strong></span> <span class='ocrx_word' id='word_1_39' title='bbox 558 857 714 914; x_wconf 91' lang='lat' dir='ltr'><strong>Aurelium</strong></span> <span class='ocrx_word' id='word_1_40' title='bbox 731 854 876 912; x_wconf 88' lang='lat' dir='ltr'><strong>eonsules.</strong></span> <span class='ocrx_word' id='word_1_41' title='bbox 918 852 975 909; x_wconf 92' lang='lat' dir='ltr'><strong>His</strong></span> <span class='ocrx_word' id='word_1_42' title='bbox 989 853 1067 908; x_wconf 89' lang='lat' dir='ltr'><strong>enim</strong></span> <span class='ocrx_word' id='word_1_43' title='bbox 1081 852 1189 928; x_wconf 85' lang='lat' dir='ltr'><strong>magis-</strong></span> 
     </span>
     <span class='ocr_line' id='line_1_7' title="bbox 280 931 1191 1013; baseline -0.007 -19"><span class='ocrx_word' id='word_1_44' title='bbox 280 937 403 994; x_wconf 87' lang='lat' dir='ltr'><strong>tratibus</strong></span> <span class='ocrx_word' id='word_1_45' title='bbox 425 936 514 1013; x_wconf 86' lang='lat' dir='ltr'><strong>legati</strong></span> <span class='ocrx_word' id='word_1_46' title='bbox 536 934 791 1011; x_wconf 76' lang='lat' dir='ltr'><strong>Carthaginienses</strong></span> <span class='ocrx_word' id='word_1_47' title='bbox 813 931 935 989; x_wconf 88' lang='lat' dir='ltr'><strong>Romam</strong></span> <span class='ocrx_word' id='word_1_48' title='bbox 958 939 1109 999; x_wconf 88' lang='lat' dir='ltr'><strong>venerunt,</strong></span> <span class='ocrx_word' id='word_1_49' title='bbox 1138 931 1191 1004; x_wconf 92' lang='lat' dir='ltr'><strong>qui</strong></span> 
     </span>
     <span class='ocr_line' id='line_1_8' title="bbox 280 1008 1191 1092; baseline -0.01 -19"><span class='ocrx_word' id='word_1_50' title='bbox 280 1016 393 1074; x_wconf 91' lang='lat' dir='ltr'><strong>senatui</strong></span> <span class='ocrx_word' id='word_1_51' title='bbox 409 1015 570 1092; x_wconf 85' lang='lat' dir='ltr'>populoque</span> <span class='ocrx_word' id='word_1_52' title='bbox 593 1014 724 1071; x_wconf 86' lang='lat' dir='ltr'><strong>Romano</strong></span> <span class='ocrx_word' id='word_1_53' title='bbox 743 1012 852 1088; x_wconf 88' lang='lat' dir='ltr'><strong>gratias</strong></span> <span class='ocrx_word' id='word_1_54' title='bbox 874 1018 1004 1085; x_wconf 82' lang='lat' dir='ltr'><strong>agerent,</strong></span> <span class='ocrx_word' id='word_1_55' title='bbox 1019 1008 1096 1084; x_wconf 91' lang='lat' dir='ltr'><strong>quod</strong></span> <span class='ocrx_word' id='word_1_56' title='bbox 1118 1027 1191 1066; x_wconf 90' lang='lat' dir='ltr'><strong>cum</strong></span> 
     </span>
     <span class='ocr_line' id='line_1_9' title="bbox 281 1092 1192 1172; baseline -0.009 -20"><span class='ocrx_word' id='word_1_57' title='bbox 281 1095 442 1172; x_wconf 85' lang='lat' dir='ltr'><strong>hispanam</strong></span> <span class='ocrx_word' id='word_1_58' title='bbox 457 1092 651 1164; x_wconf 84' lang='lat' dir='ltr'><strong>fecissent‚oh</strong></span> <span class='ocrx_word' id='word_1_59' title='bbox 674 1109 797 1166; x_wconf 87' lang='lat' dir='ltr'><strong>eamque</strong></span> <span class='ocrx_word' id='word_1_60' title='bbox 821 1107 882 1146; x_wconf 89' lang='lat' dir='ltr'><strong>rem</strong></span> <span class='ocrx_word' id='word_1_61' title='bbox 904 1104 1011 1146; x_wconf 88' lang='lat' dir='ltr'><strong>corona</strong></span> <span class='ocrx_word' id='word_1_62' title='bbox 1035 1105 1125 1144; x_wconf 88' lang='lat' dir='ltr'><strong>aurea</strong></span> <span class='ocrx_word' id='word_1_63' title='bbox 1140 1105 1192 1144; x_wconf 88' lang='lat' dir='ltr'><strong>eos</strong></span> 
     </span>
     <span class='ocr_line' id='line_1_10' title="bbox 280 1165 1192 1248; baseline -0.008 -19"><span class='ocrx_word' id='word_1_64' title='bbox 280 1172 429 1242; x_wconf 80' lang='lat' dir='ltr'><strong>donarent,</strong></span> <span class='ocrx_word' id='word_1_65' title='bbox 444 1173 589 1247; x_wconf 84' lang='lat' dir='ltr'><strong>sImulque</strong></span> <span class='ocrx_word' id='word_1_66' title='bbox 604 1180 742 1248; x_wconf 89' lang='lat' dir='ltr'><strong>peterent,</strong></span> <span class='ocrx_word' id='word_1_67' title='bbox 758 1179 790 1225; x_wconf 93' lang='lat' dir='ltr'><strong>ut</strong></span> <span class='ocrx_word' id='word_1_68' title='bbox 803 1166 916 1225; x_wconf 90' lang='lat' dir='ltr'><strong>obsides</strong></span> <span class='ocrx_word' id='word_1_69' title='bbox 929 1184 1029 1223; x_wconf 91' lang='lat' dir='ltr'><strong>eorum</strong></span> <span class='ocrx_word' id='word_1_70' title='bbox 1044 1165 1192 1242; x_wconf 81' lang='lat' dir='ltr'><strong>Fregellis</strong></span> 
     </span>
    </p>

    <p class='ocr_par' dir='ltr' id='par_1_4' title="bbox 242 1245 1193 1720">
     <span class='ocr_line' id='line_1_11' title="bbox 242 1245 1190 1327; baseline -0.004 -22"><span class='ocrx_word' id='word_1_71' title='bbox 242 1251 386 1320; x_wconf 69' lang='lat' dir='ltr'><strong>Cessent,</strong></span> <span class='ocrx_word' id='word_1_72' title='bbox 409 1251 575 1327; x_wconf 79' lang='lat' dir='ltr'><strong>captIvique</strong></span> <span class='ocrx_word' id='word_1_73' title='bbox 598 1249 795 1306; x_wconf 87' lang='lat' dir='ltr'><strong>redderentur.</strong></span> <span class='ocrx_word' id='word_1_74' title='bbox 838 1245 895 1304; x_wconf 91' lang='lat' dir='ltr'><strong>His</strong></span> <span class='ocrx_word' id='word_1_75' title='bbox 918 1263 955 1302; x_wconf 85' lang='lat' dir='ltr'><strong>ex</strong></span> <span class='ocrx_word' id='word_1_76' title='bbox 979 1254 1098 1302; x_wconf 88' lang='lat' dir='ltr'><strong>senatus</strong></span> <span class='ocrx_word' id='word_1_77' title='bbox 1120 1262 1190 1301; x_wconf 90' lang='lat' dir='ltr'><strong>con-</strong></span> 
     </span>
     <span class='ocr_line' id='line_1_12' title="bbox 280 1330 1192 1405; baseline -0.009 -19"><span class='ocrx_word' id='word_1_78' title='bbox 280 1330 357 1388; x_wconf 89' lang='lat' dir='ltr'><strong>sulto</strong></span> <span class='ocrx_word' id='word_1_79' title='bbox 371 1347 539 1405; x_wconf 90' lang='lat' dir='ltr'><strong>responsum</strong></span> <span class='ocrx_word' id='word_1_80' title='bbox 553 1338 613 1386; x_wconf 89' lang='lat' dir='ltr'><strong>est:</strong></span> <span class='ocrx_word' id='word_1_81' title='bbox 635 1345 743 1384; x_wconf 89' lang='lat' dir='ltr'><strong>munus</strong></span> <span class='ocrx_word' id='word_1_82' title='bbox 765 1344 866 1384; x_wconf 91' lang='lat' dir='ltr'><strong>eorum</strong></span> <span class='ocrx_word' id='word_1_83' title='bbox 886 1333 1002 1400; x_wconf 89' lang='lat' dir='ltr'><strong>gratum</strong></span> <span class='ocrx_word' id='word_1_84' title='bbox 1023 1332 1192 1399; x_wconf 85' lang='lat' dir='ltr'><strong>acceptum-</strong></span> 
     </span>
     <span class='ocr_line' id='line_1_13' title="bbox 280 1401 1193 1484; baseline -0.009 -18"><span class='ocrx_word' id='word_1_85' title='bbox 280 1426 338 1484; x_wconf 89' lang='lat' dir='ltr'><strong>que</strong></span> <span class='ocrx_word' id='word_1_86' title='bbox 351 1427 434 1480; x_wconf 83' lang='lat' dir='ltr'><strong>esse3</strong></span> <span class='ocrx_word' id='word_1_87' title='bbox 456 1407 577 1477; x_wconf 89' lang='lat' dir='ltr'><strong>obsides,</strong></span> <span class='ocrx_word' id='word_1_88' title='bbox 594 1406 723 1483; x_wconf 92' lang='lat' dir='ltr'><strong>qnoloco</strong></span> <span class='ocrx_word' id='word_1_89' title='bbox 745 1413 890 1482; x_wconf 83' lang='lat' dir='ltr'><strong>rogarent,</strong></span> <span class='ocrx_word' id='word_1_90' title='bbox 905 1401 1038 1474; x_wconf 85' lang='lat' dir='ltr'><strong>lutur0s3</strong></span> <span class='ocrx_word' id='word_1_91' title='bbox 1059 1403 1193 1476; x_wconf 88' lang='lat' dir='ltr'><strong>captivos</strong></span> 
     </span>
     <span class='ocr_line' id='line_1_14' title="bbox 282 1481 1192 1562; baseline -0.008 -18"><span class='ocrx_word' id='word_1_92' title='bbox 282 1505 339 1545; x_wconf 90' lang='lat' dir='ltr'><strong>non</strong></span> <span class='ocrx_word' id='word_1_93' title='bbox 354 1487 533 1556; x_wconf 84' lang='lat' dir='ltr'><strong>remissurus,</strong></span> <span class='ocrx_word' id='word_1_94' title='bbox 548 1485 624 1562; x_wconf 92' lang='lat' dir='ltr'><strong>quod</strong></span> <span class='ocrx_word' id='word_1_95' title='bbox 650 1484 854 1552; x_wconf 89' lang='lat' dir='ltr'><strong>Hannibalem,</strong></span> <span class='ocrx_word' id='word_1_96' title='bbox 869 1481 955 1556; x_wconf 84' lang='lat' dir='ltr'><strong>eujus</strong></span> <span class='ocrx_word' id='word_1_97' title='bbox 971 1498 1058 1555; x_wconf 90' lang='lat' dir='ltr'><strong>opera</strong></span> <span class='ocrx_word' id='word_1_98' title='bbox 1071 1499 1192 1555; x_wconf 89' lang='lat' dir='ltr'><strong>suscep-</strong></span> 
     </span>
     <span class='ocr_line' id='line_1_15' title="bbox 281 1559 1193 1634; baseline -0.007 -12"><span class='ocrx_word' id='word_1_99' title='bbox 281 1575 344 1622; x_wconf 89' lang='lat' dir='ltr'><strong>tum</strong></span> <span class='ocrx_word' id='word_1_100' title='bbox 358 1565 468 1623; x_wconf 88' lang='lat' dir='ltr'><strong>bellum</strong></span> <span class='ocrx_word' id='word_1_101' title='bbox 483 1564 563 1634; x_wconf 82' lang='lat' dir='ltr'><strong>soret,</strong></span> <span class='ocrx_word' id='word_1_102' title='bbox 578 1563 810 1622; x_wconf 89' lang='lat' dir='ltr'><strong>inimicissimum</strong></span> <span class='ocrx_word' id='word_1_103' title='bbox 824 1560 932 1618; x_wconf 90' lang='lat' dir='ltr'><strong>nomini</strong></span> <span class='ocrx_word' id='word_1_104' title='bbox 947 1559 1086 1628; x_wconf 87' lang='lat' dir='ltr'><strong>Romano,</strong></span> <span class='ocrx_word' id='word_1_105' title='bbox 1100 1559 1193 1616; x_wconf 87' lang='lat' dir='ltr'><strong>etiam</strong></span> 
     </span>
     <span class='ocr_line' id='line_1_16' title="bbox 281 1637 1193 1720; baseline -0.004 -20"><span class='ocrx_word' id='word_1_106' title='bbox 281 1661 361 1702; x_wconf 91' lang='lat' dir='ltr'><strong>nunc</strong></span> <span class='ocrx_word' id='word_1_107' title='bbox 380 1663 450 1702; x_wconf 90' lang='lat' dir='ltr'><strong>cnm</strong></span> <span class='ocrx_word' id='word_1_108' title='bbox 473 1643 594 1719; x_wconf 90' lang='lat' dir='ltr'><strong>imperio</strong></span> <span class='ocrx_word' id='word_1_109' title='bbox 608 1642 684 1720; x_wconf 88' lang='lat' dir='ltr'><strong>apud</strong></span> <span class='ocrx_word' id='word_1_110' title='bbox 706 1641 866 1700; x_wconf 82' lang='lat' dir='ltr'><strong>exercitum</strong></span> <span class='ocrx_word' id='word_1_111' title='bbox 891 1638 1039 1707; x_wconf 85' lang='lat' dir='ltr'><strong>haberent,</strong></span> <span class='ocrx_word' id='word_1_112' title='bbox 1061 1637 1193 1713; x_wconf 84' lang='lat' dir='ltr'><strong>itemque</strong></span> 
     </span>
    </p>

    <p class='ocr_par' dir='ltr' id='par_1_5' title="bbox 243 1717 1193 2110">
     <span class='ocr_line' id='line_1_17' title="bbox 243 1717 1193 1798; baseline -0.002 -22"><span class='ocrx_word' id='word_1_113' title='bbox 243 1723 261 1776; x_wconf 84' lang='lat'>4</span> <span class='ocrx_word' id='word_1_114' title='bbox 283 1721 402 1780; x_wconf 82' lang='lat' dir='ltr'><strong>fratrem</strong></span> <span class='ocrx_word' id='word_1_115' title='bbox 417 1723 481 1798; x_wconf 88' lang='lat' dir='ltr'><strong>ejus</strong></span> <span class='ocrx_word' id='word_1_116' title='bbox 500 1722 664 1798; x_wconf 87' lang='lat' dir='ltr'><strong>Magonem.</strong></span> <span class='ocrx_word' id='word_1_117' title='bbox 705 1719 771 1778; x_wconf 91' lang='lat' dir='ltr'><strong>Hoc</strong></span> <span class='ocrx_word' id='word_1_118' title='bbox 786 1737 921 1795; x_wconf 89' lang='lat' dir='ltr'><strong>responso</strong></span> <span class='ocrx_word' id='word_1_119' title='bbox 933 1717 1193 1792; x_wconf 85' lang='lat' dir='ltr'><strong>Carthaginienses</strong></span> 
     </span>
     <span class='ocr_line' id='line_1_18' title="bbox 281 1797 1191 1877; baseline -0.005 -20"><span class='ocrx_word' id='word_1_120' title='bbox 281 1801 396 1877; x_wconf 90' lang='lat' dir='ltr'><strong>cognito</strong></span> <span class='ocrx_word' id='word_1_121' title='bbox 419 1800 614 1858; x_wconf 88' lang='lat' dir='ltr'><strong>Hannibalem</strong></span> <span class='ocrx_word' id='word_1_122' title='bbox 628 1799 746 1856; x_wconf 90' lang='lat' dir='ltr'><strong>domum</strong></span> <span class='ocrx_word' id='word_1_123' title='bbox 768 1797 980 1874; x_wconf 84' lang='lat' dir='ltr'><strong>Magonemque</strong></span> <span class='ocrx_word' id='word_1_124' title='bbox 1002 1804 1191 1854; x_wconf 90' lang='lat' dir='ltr'><strong>revocarunt.</strong></span> 
     </span>
     <span class='ocr_line' id='line_1_19' title="bbox 282 1873 1192 1954; baseline -0.004 -18"><span class='ocrx_word' id='word_1_125' title='bbox 282 1877 351 1936; x_wconf 89' lang='lat' dir='ltr'><strong>Huc</strong></span> <span class='ocrx_word' id='word_1_126' title='bbox 366 1889 398 1936; x_wconf 91' lang='lat' dir='ltr'><strong>ut</strong></span> <span class='ocrx_word' id='word_1_127' title='bbox 422 1879 515 1947; x_wconf 90' lang='lat' dir='ltr'><strong>rediit,</strong></span> <span class='ocrx_word' id='word_1_128' title='bbox 530 1889 635 1954; x_wconf 77' lang='lat' dir='ltr'><strong>praetor</strong></span> <span class='ocrx_word' id='word_1_129' title='bbox 656 1877 750 1934; x_wconf 84' lang='lat' dir='ltr'><strong>iactus</strong></span> <span class='ocrx_word' id='word_1_130' title='bbox 765 1886 816 1946; x_wconf 87' lang='lat' dir='ltr'><strong>est,</strong></span> <span class='ocrx_word' id='word_1_131' title='bbox 832 1886 982 1952; x_wconf 87' lang='lat' dir='ltr'><strong>postquam</strong></span> <span class='ocrx_word' id='word_1_132' title='bbox 1006 1893 1059 1932; x_wconf 84' lang='lat' dir='ltr'><strong>rex</strong></span> <span class='ocrx_word' id='word_1_133' title='bbox 1084 1873 1192 1944; x_wconf 85' lang='lat' dir='ltr'><strong>suerat,</strong></span> 
     </span>
     <span class='ocr_line' id='line_1_20' title="bbox 282 1952 1192 2023; baseline -0.003 -11"><span class='ocrx_word' id='word_1_134' title='bbox 282 1974 357 2013; x_wconf 86' lang='lat' dir='ltr'><strong>anno</strong></span> <span class='ocrx_word' id='word_1_135' title='bbox 370 1957 498 2014; x_wconf 86' lang='lat' dir='ltr'><strong>seeundo</strong></span> <span class='ocrx_word' id='word_1_136' title='bbox 512 1967 540 2014; x_wconf 92' lang='lat' dir='ltr'><strong>et</strong></span> <span class='ocrx_word' id='word_1_137' title='bbox 564 1958 713 2014; x_wconf 83' lang='lat' dir='ltr'><strong>vicesimo.</strong></span> <span class='ocrx_word' id='word_1_138' title='bbox 755 1955 795 2014; x_wconf 92' lang='lat' dir='ltr'><strong>Ut</strong></span> <span class='ocrx_word' id='word_1_139' title='bbox 818 1957 897 2012; x_wconf 92' lang='lat' dir='ltr'><strong>enim</strong></span> <span class='ocrx_word' id='word_1_140' title='bbox 921 1954 1023 2012; x_wconf 55' lang='lat' dir='ltr'><strong>&amp;mat</strong></span> <span class='ocrx_word' id='word_1_141' title='bbox 1044 1952 1192 2023; x_wconf 90' lang='lat' dir='ltr'><strong>consules,</strong></span> 
     </span>
     <span class='ocr_line' id='line_1_21' title="bbox 282 2033 1191 2110; baseline -0.002 -20"><span class='ocrx_word' id='word_1_142' title='bbox 282 2035 325 2092; x_wconf 90' lang='lat' dir='ltr'><strong>sic</strong></span> <span class='ocrx_word' id='word_1_143' title='bbox 346 2033 522 2110; x_wconf 87' lang='lat' dir='ltr'><strong>Carthagine</strong></span> <span class='ocrx_word' id='word_1_144' title='bbox 536 2035 688 2110; x_wconf 86' lang='lat' dir='ltr'><strong>quotannis</strong></span> <span class='ocrx_word' id='word_1_145' title='bbox 702 2035 792 2091; x_wconf 88' lang='lat' dir='ltr'><strong>annui</strong></span> <span class='ocrx_word' id='word_1_146' title='bbox 814 2034 874 2090; x_wconf 91' lang='lat' dir='ltr'><strong>bini</strong></span> <span class='ocrx_word' id='word_1_147' title='bbox 896 2051 981 2110; x_wconf 89' lang='lat' dir='ltr'><strong>reges</strong></span> <span class='ocrx_word' id='word_1_148' title='bbox 1002 2033 1191 2090; x_wconf 83' lang='lat' dir='ltr'><strong>creabantur.</strong></span> 
     </span>
    </p>

    <p class='ocr_par' dir='ltr' id='par_1_6' title="bbox 242 2111 1192 2426">
     <span class='ocr_line' id='line_1_22' title="bbox 242 2111 1192 2190; baseline 0.001 -23"><span class='ocrx_word' id='word_1_149' title='bbox 242 2111 315 2170; x_wconf 78' lang='lat'>5111</span> <span class='ocrx_word' id='word_1_150' title='bbox 330 2132 364 2170; x_wconf 93' lang='lat' dir='ltr'><strong>eo</strong></span> <span class='ocrx_word' id='word_1_151' title='bbox 384 2115 556 2190; x_wconf 88' lang='lat' dir='ltr'><strong>magistratu</strong></span> <span class='ocrx_word' id='word_1_152' title='bbox 580 2114 644 2189; x_wconf 88' lang='lat' dir='ltr'><strong>pari</strong></span> <span class='ocrx_word' id='word_1_153' title='bbox 668 2113 818 2190; x_wconf 86' lang='lat' dir='ltr'><strong>diligentia</strong></span> <span class='ocrx_word' id='word_1_154' title='bbox 831 2132 863 2170; x_wconf 88' lang='lat' dir='ltr'><strong>se</strong></span> <span class='ocrx_word' id='word_1_155' title='bbox 885 2111 1033 2170; x_wconf 89' lang='lat' dir='ltr'><strong>Hannibal</strong></span> <span class='ocrx_word' id='word_1_156' title='bbox 1056 2112 1192 2187; x_wconf 84' lang='lat' dir='ltr'><strong>praebuit,</strong></span> 
     </span>
     <span class='ocr_line' id='line_1_23' title="bbox 282 2189 1191 2268; baseline -0.002 -20"><span class='ocrx_word' id='word_1_157' title='bbox 282 2209 318 2249; x_wconf 87' lang='lat' dir='ltr'><strong>ae</strong></span> <span class='ocrx_word' id='word_1_158' title='bbox 332 2190 427 2250; x_wconf 89' lang='lat' dir='ltr'><strong>fuerat</strong></span> <span class='ocrx_word' id='word_1_159' title='bbox 440 2191 470 2248; x_wconf 90' lang='lat' dir='ltr'><strong>in</strong></span> <span class='ocrx_word' id='word_1_160' title='bbox 485 2193 570 2250; x_wconf 91' lang='lat' dir='ltr'><strong>bello.</strong></span> <span class='ocrx_word' id='word_1_161' title='bbox 612 2191 749 2268; x_wconf 90' lang='lat' dir='ltr'><strong>Namque</strong></span> <span class='ocrx_word' id='word_1_162' title='bbox 763 2191 869 2260; x_wconf 85' lang='lat' dir='ltr'><strong>effecit,</strong></span> <span class='ocrx_word' id='word_1_163' title='bbox 883 2209 919 2248; x_wconf 86' lang='lat' dir='ltr'><strong>ex</strong></span> <span class='ocrx_word' id='word_1_164' title='bbox 940 2191 1021 2251; x_wconf 84' lang='lat' dir='ltr'><strong>novis</strong></span> <span class='ocrx_word' id='word_1_165' title='bbox 1040 2189 1191 2265; x_wconf 88' lang='lat' dir='ltr'><strong>vectigali-</strong></span> 
     </span>
     <span class='ocr_line' id='line_1_24' title="bbox 282 2267 1192 2347; baseline -0.002 -19"><span class='ocrx_word' id='word_1_166' title='bbox 282 2271 336 2328; x_wconf 92' lang='lat' dir='ltr'><strong>bus</strong></span> <span class='ocrx_word' id='word_1_167' title='bbox 350 2290 406 2328; x_wconf 94' lang='lat' dir='ltr'><strong>non</strong></span> <span class='ocrx_word' id='word_1_168' title='bbox 415 2272 509 2328; x_wconf 90' lang='lat' dir='ltr'><strong>solum</strong></span> <span class='ocrx_word' id='word_1_169' title='bbox 520 2281 552 2329; x_wconf 94' lang='lat' dir='ltr'><strong>ut</strong></span> <span class='ocrx_word' id='word_1_170' title='bbox 565 2282 641 2329; x_wconf 89' lang='lat' dir='ltr'><strong>esset</strong></span> <span class='ocrx_word' id='word_1_171' title='bbox 654 2271 786 2347; x_wconf 89' lang='lat' dir='ltr'><strong>pecunia,</strong></span> <span class='ocrx_word' id='word_1_172' title='bbox 795 2289 861 2345; x_wconf 83' lang='lat' dir='ltr'><strong>quae</strong></span> <span class='ocrx_word' id='word_1_173' title='bbox 875 2269 1015 2328; x_wconf 88' lang='lat' dir='ltr'><strong>Romanis</strong></span> <span class='ocrx_word' id='word_1_174' title='bbox 1028 2288 1065 2326; x_wconf 84' lang='lat' dir='ltr'><strong>ex</strong></span> <span class='ocrx_word' id='word_1_175' title='bbox 1080 2267 1192 2326; x_wconf 84' lang='lat' dir='ltr'><strong>foedere</strong></span> 
     </span>
     <span class='ocr_line' id='line_1_25' title="bbox 282 2348 1190 2426; baseline -0.002 -20"><span class='ocrx_word' id='word_1_176' title='bbox 282 2350 463 2426; x_wconf 86' lang='lat' dir='ltr'><strong>penderetur,</strong></span> <span class='ocrx_word' id='word_1_177' title='bbox 478 2350 528 2408; x_wconf 87' lang='lat' dir='ltr'><strong>sed</strong></span> <span class='ocrx_word' id='word_1_178' title='bbox 552 2351 640 2408; x_wconf 84' lang='lat' dir='ltr'><strong>ctiam</strong></span> <span class='ocrx_word' id='word_1_179' title='bbox 654 2359 826 2426; x_wconf 88' lang='lat' dir='ltr'><strong>superesset,</strong></span> <span class='ocrx_word' id='word_1_180' title='bbox 840 2367 907 2424; x_wconf 72' lang='lat' dir='ltr'><strong>quae</strong></span> <span class='ocrx_word' id='word_1_181' title='bbox 930 2349 961 2405; x_wconf 91' lang='lat' dir='ltr'><strong>in</strong></span> <span class='ocrx_word' id='word_1_182' title='bbox 985 2348 1088 2406; x_wconf 78' lang='lat' dir='ltr'><strong>aerario</strong></span> <span class='ocrx_word' id='word_1_183' title='bbox 1109 2366 1190 2424; x_wconf 89' lang='lat' dir='ltr'><strong>repo-</strong></span> 
     </span>
    </p>

    <p class='ocr_par' dir='ltr' id='par_1_7' title="bbox 242 2425 1190 2741">
     <span class='ocr_line' id='line_1_26' title="bbox 242 2425 1189 2505; baseline 0 -21"><span class='ocrx_word' id='word_1_184' title='bbox 242 2430 260 2484; x_wconf 88' lang='grc'><strong>6</strong></span> <span class='ocrx_word' id='word_1_185' title='bbox 281 2440 410 2488; x_wconf 88' lang='lat' dir='ltr'><strong>neretur.</strong></span> <span class='ocrx_word' id='word_1_186' title='bbox 451 2429 573 2499; x_wconf 89' lang='lat' dir='ltr'><strong>Deinde,</strong></span> <span class='ocrx_word' id='word_1_187' title='bbox 589 2447 664 2487; x_wconf 87' lang='lat' dir='ltr'><strong>anno</strong></span> <span class='ocrx_word' id='word_1_188' title='bbox 685 2439 747 2504; x_wconf 90' lang='lat' dir='ltr'><strong>post</strong></span> <span class='ocrx_word' id='word_1_189' title='bbox 760 2438 926 2505; x_wconf 74' lang='lat' dir='ltr'><strong>praeturam,</strong></span> <span class='ocrx_word' id='word_1_190' title='bbox 942 2425 1043 2486; x_wconf 88' lang='lat' dir='ltr'><strong>Marco</strong></span> <span class='ocrx_word' id='word_1_191' title='bbox 1055 2426 1189 2497; x_wconf 90' lang='lat' dir='ltr'><strong>Claudio,</strong></span> 
     </span>
     <span class='ocr_line' id='line_1_27' title="bbox 281 2505 1189 2584; baseline -0.004 -18"><span class='ocrx_word' id='word_1_192' title='bbox 281 2507 376 2567; x_wconf 89' lang='lat' dir='ltr'><strong>Lucio</strong></span> <span class='ocrx_word' id='word_1_193' title='bbox 398 2509 489 2567; x_wconf 89' lang='lat' dir='ltr'><strong>Furio</strong></span> <span class='ocrx_word' id='word_1_194' title='bbox 501 2508 581 2566; x_wconf 87' lang='lat' dir='ltr'><strong>Coss.</strong></span> <span class='ocrx_word' id='word_1_195' title='bbox 597 2507 690 2567; x_wconf 89' lang='lat' dir='ltr'><strong>Roma</strong></span> <span class='ocrx_word' id='word_1_196' title='bbox 704 2508 793 2584; x_wconf 88' lang='lat' dir='ltr'><strong>legati</strong></span> <span class='ocrx_word' id='word_1_197' title='bbox 814 2505 1021 2583; x_wconf 86' lang='lat' dir='ltr'><strong>Carthaginem</strong></span> <span class='ocrx_word' id='word_1_198' title='bbox 1034 2515 1189 2564; x_wconf 88' lang='lat' dir='ltr'><strong>venerunt.</strong></span> 
     </span>
     <span class='ocr_line' id='line_1_28' title="bbox 281 2585 1190 2664; baseline -0.002 -20"><span class='ocrx_word' id='word_1_199' title='bbox 281 2586 343 2646; x_wconf 89' lang='lat' dir='ltr'><strong>Hos</strong></span> <span class='ocrx_word' id='word_1_200' title='bbox 358 2587 506 2646; x_wconf 86' lang='lat' dir='ltr'><strong>Hannibal</strong></span> <span class='ocrx_word' id='word_1_201' title='bbox 521 2589 568 2645; x_wconf 91' lang='lat' dir='ltr'><strong>sui</strong></span> <span class='ocrx_word' id='word_1_202' title='bbox 581 2587 754 2664; x_wconf 83' lang='lat' dir='ltr'><strong>exposcendi</strong></span> <span class='ocrx_word' id='word_1_203' title='bbox 768 2587 862 2664; x_wconf 89' lang='lat' dir='ltr'><strong>gratia</strong></span> <span class='ocrx_word' id='word_1_204' title='bbox 875 2586 976 2642; x_wconf 88' lang='lat' dir='ltr'><strong>missos</strong></span> <span class='ocrx_word' id='word_1_205' title='bbox 990 2595 1080 2655; x_wconf 87' lang='lat' dir='ltr'><strong>ratus,</strong></span> <span class='ocrx_word' id='word_1_206' title='bbox 1095 2585 1190 2660; x_wconf 82' lang='lat' dir='ltr'><strong>prius·</strong></span> 
     </span>
     <span class='ocr_line' id='line_1_29' title="bbox 281 2663 1190 2741; baseline -0.003 -18"><span class='ocrx_word' id='word_1_207' title='bbox 281 2685 369 2741; x_wconf 89' lang='lat' dir='ltr'><strong>quam</strong></span> <span class='ocrx_word' id='word_1_208' title='bbox 384 2667 430 2724; x_wconf 85' lang='lat' dir='ltr'><strong>his</strong></span> <span class='ocrx_word' id='word_1_209' title='bbox 443 2675 561 2724; x_wconf 88' lang='lat' dir='ltr'><strong>senatus</strong></span> <span class='ocrx_word' id='word_1_210' title='bbox 574 2666 701 2735; x_wconf 90' lang='lat' dir='ltr'><strong>daretur,</strong></span> <span class='ocrx_word' id='word_1_211' title='bbox 710 2684 815 2724; x_wconf 86' lang='lat' dir='ltr'><strong>navem</strong></span> <span class='ocrx_word' id='word_1_212' title='bbox 824 2663 992 2723; x_wconf 89' lang='lat' dir='ltr'><strong>conscendit</strong></span> <span class='ocrx_word' id='word_1_213' title='bbox 1005 2664 1091 2734; x_wconf 88' lang='lat' dir='ltr'><strong>clam,</strong></span> <span class='ocrx_word' id='word_1_214' title='bbox 1102 2673 1190 2739; x_wconf 90' lang='lat' dir='ltr'><strong>atque</strong></span> 
     </span>
    </p>

    <p class='ocr_par' dir='ltr' id='par_1_8' title="bbox 242 2741 1189 3056">
     <span class='ocr_line' id='line_1_30' title="bbox 242 2741 1189 2822; baseline 0.003 -25"><span class='ocrx_word' id='word_1_215' title='bbox 242 2743 260 2797; x_wconf 78' lang='lat'>7</span> <span class='ocrx_word' id='word_1_216' title='bbox 281 2745 310 2801; x_wconf 92' lang='lat' dir='ltr'><strong>in</strong></span> <span class='ocrx_word' id='word_1_217' title='bbox 325 2744 443 2819; x_wconf 88' lang='lat' dir='ltr'><strong>Syriam</strong></span> <span class='ocrx_word' id='word_1_218' title='bbox 459 2745 495 2802; x_wconf 91' lang='lat' dir='ltr'><strong>ad</strong></span> <span class='ocrx_word' id='word_1_219' title='bbox 510 2745 688 2803; x_wconf 82' lang='lat' dir='ltr'><strong>Antiochum</strong></span> <span class='ocrx_word' id='word_1_220' title='bbox 702 2743 838 2822; x_wconf 85' lang='lat' dir='ltr'><strong>profugit.</strong></span> <span class='ocrx_word' id='word_1_221' title='bbox 864 2743 931 2802; x_wconf 86' lang='lat' dir='ltr'><strong>Hac</strong></span> <span class='ocrx_word' id='word_1_222' title='bbox 945 2760 977 2802; x_wconf 88' lang='lat' dir='ltr'><strong>ra</strong></span> <span class='ocrx_word' id='word_1_223' title='bbox 991 2742 1087 2819; x_wconf 90' lang='lat' dir='ltr'><strong>palam</strong></span> <span class='ocrx_word' id='word_1_224' title='bbox 1101 2741 1189 2812; x_wconf 84' lang='lat' dir='ltr'><strong>iacta,</strong></span> 
     </span>
     <span class='ocr_line' id='line_1_31' title="bbox 281 2821 1189 2899; baseline 0 -21"><span class='ocrx_word' id='word_1_225' title='bbox 281 2821 364 2880; x_wconf 75' lang='lat' dir='ltr'><strong>Poenr</strong></span> <span class='ocrx_word' id='word_1_226' title='bbox 378 2840 468 2880; x_wconf 84' lang='lat' dir='ltr'><strong>naves</strong></span> <span class='ocrx_word' id='word_1_227' title='bbox 481 2822 562 2894; x_wconf 92' lang='lat' dir='ltr'><strong>duas,</strong></span> <span class='ocrx_word' id='word_1_228' title='bbox 578 2841 644 2899; x_wconf 84' lang='lat' dir='ltr'><strong>quae</strong></span> <span class='ocrx_word' id='word_1_229' title='bbox 657 2843 727 2881; x_wconf 89' lang='lat' dir='ltr'><strong>eum</strong></span> <span class='ocrx_word' id='word_1_230' title='bbox 741 2822 1025 2899; x_wconf 88' lang='lat' dir='ltr'><strong>comprehenderent,</strong></span> <span class='ocrx_word' id='word_1_231' title='bbox 1034 2823 1059 2880; x_wconf 92' lang='lat' dir='ltr'><strong>si</strong></span> <span class='ocrx_word' id='word_1_232' title='bbox 1073 2831 1189 2898; x_wconf 90' lang='lat' dir='ltr'><strong>possent</strong></span> 
     </span>
     <span class='ocr_line' id='line_1_32' title="bbox 281 2901 1189 2978; baseline 0 -20"><span class='ocrx_word' id='word_1_233' title='bbox 281 2901 429 2976; x_wconf 87' lang='lat' dir='ltr'><strong>consequi,</strong></span> <span class='ocrx_word' id='word_1_234' title='bbox 445 2903 605 2974; x_wconf 81' lang='lat' dir='ltr'><strong>miserunt3</strong></span> <span class='ocrx_word' id='word_1_235' title='bbox 628 2902 703 2960; x_wconf 89' lang='lat' dir='ltr'><strong>bona</strong></span> <span class='ocrx_word' id='word_1_236' title='bbox 717 2901 782 2978; x_wconf 92' lang='lat' dir='ltr'><strong>ejus</strong></span> <span class='ocrx_word' id='word_1_237' title='bbox 806 2901 992 2978; x_wconf 86' lang='lat' dir='ltr'><strong>publicarunt</strong></span> <span class='ocrx_word' id='word_1_238' title='bbox 1002 2920 1011 2973; x_wconf 89' lang='lat'>;</span> <span class='ocrx_word' id='word_1_239' title='bbox 1034 2901 1152 2959; x_wconf 92' lang='lat' dir='ltr'><strong>domum</strong></span> <span class='ocrx_word' id='word_1_240' title='bbox 1171 2919 1189 2958; x_wconf 90' lang='lat' dir='ltr'><strong>a</strong></span> 
     </span>
     <span class='ocr_line' id='line_1_33' title="bbox 282 2977 1137 3056; baseline 0.001 -21"><span class='ocrx_word' id='word_1_241' title='bbox 282 2977 476 3038; x_wconf 84' lang='lat' dir='ltr'><strong>fundamentis</strong></span> <span class='ocrx_word' id='word_1_242' title='bbox 489 2979 683 3056; x_wconf 83' lang='lat' dir='ltr'><strong>disjecerunt3</strong></span> <span class='ocrx_word' id='word_1_243' title='bbox 706 2981 801 3056; x_wconf 88' lang='lat' dir='ltr'><strong>ipsum</strong></span> <span class='ocrx_word' id='word_1_244' title='bbox 815 2981 948 3039; x_wconf 87' lang='lat' dir='ltr'><strong>exsulem</strong></span> <span class='ocrx_word' id='word_1_245' title='bbox 958 2980 1137 3056; x_wconf 87' lang='lat' dir='ltr'><strong>judicarunt.</strong></span> 
     </span>
    </p>

    <p class='ocr_par' dir='ltr' id='par_1_9' title="bbox 244 3057 1189 3532">
     <span class='ocr_line' id='line_1_34' title="bbox 244 3057 1188 3137; baseline 0.001 -22"><span class='ocrx_word' id='word_1_246' title='bbox 244 3061 259 3115; x_wconf 96' lang='lat'>1</span> <span class='ocrx_word' id='word_1_247' title='bbox 321 3057 404 3116; x_wconf 84' lang='lat' dir='ltr'><strong>VIII.</strong></span> <span class='ocrx_word' id='word_1_248' title='bbox 428 3059 470 3117; x_wconf 95' lang='lat' dir='ltr'><strong>At</strong></span> <span class='ocrx_word' id='word_1_249' title='bbox 491 3059 639 3116; x_wconf 89' lang='lat' dir='ltr'><strong>Hannibal</strong></span> <span class='ocrx_word' id='word_1_250' title='bbox 665 3077 740 3116; x_wconf 94' lang='lat' dir='ltr'><strong>anno</strong></span> <span class='ocrx_word' id='word_1_251' title='bbox 763 3069 833 3134; x_wconf 91' lang='lat' dir='ltr'><strong>post,</strong></span> <span class='ocrx_word' id='word_1_252' title='bbox 848 3078 937 3136; x_wconf 89' lang='lat' dir='ltr'><strong>quam</strong></span> <span class='ocrx_word' id='word_1_253' title='bbox 951 3059 1034 3118; x_wconf 90' lang='lat' dir='ltr'><strong>domo</strong></span> <span class='ocrx_word' id='word_1_254' title='bbox 1054 3057 1188 3137; x_wconf 84' lang='lat' dir='ltr'><strong>profuge-</strong></span> 
     </span>
     <span class='ocr_line' id='line_1_35' title="bbox 282 3136 1189 3214; baseline 0.003 -21"><span class='ocrx_word' id='word_1_255' title='bbox 282 3147 335 3206; x_wconf 89' lang='lat' dir='ltr'><strong>rat,</strong></span> <span class='ocrx_word' id='word_1_256' title='bbox 358 3136 394 3200; x_wconf 86' lang='lat' dir='ltr'><strong>L.</strong></span> <span class='ocrx_word' id='word_1_257' title='bbox 410 3137 553 3207; x_wconf 88' lang='lat' dir='ltr'><strong>Cornelio,</strong></span> <span class='ocrx_word' id='word_1_258' title='bbox 575 3136 684 3202; x_wconf 83' lang='lat' dir='ltr'><strong>Quinto</strong></span> <span class='ocrx_word' id='word_1_259' title='bbox 708 3137 839 3197; x_wconf 91' lang='lat' dir='ltr'><strong>Minucio</strong></span> <span class='ocrx_word' id='word_1_260' title='bbox 861 3139 942 3197; x_wconf 83' lang='lat' dir='ltr'><strong>Coss.</strong></span> <span class='ocrx_word' id='word_1_261' title='bbox 965 3157 1034 3196; x_wconf 91' lang='lat' dir='ltr'><strong>eum</strong></span> <span class='ocrx_word' id='word_1_262' title='bbox 1058 3138 1189 3214; x_wconf 87' lang='lat' dir='ltr'><strong>quinque</strong></span> 
     </span>
     <span class='ocr_line' id='line_1_36' title="bbox 281 3216 1189 3292; baseline 0.002 -20"><span class='ocrx_word' id='word_1_263' title='bbox 281 3217 404 3274; x_wconf 90' lang='lat' dir='ltr'><strong>navibus</strong></span> <span class='ocrx_word' id='word_1_264' title='bbox 427 3216 561 3274; x_wconf 89' lang='lat' dir='ltr'><strong>Africam</strong></span> <span class='ocrx_word' id='word_1_265' title='bbox 585 3218 708 3276; x_wconf 87' lang='lat' dir='ltr'><strong>accessit</strong></span> <span class='ocrx_word' id='word_1_266' title='bbox 735 3217 894 3276; x_wconf 89' lang='lat' dir='ltr'><strong>infinibus</strong></span> <span class='ocrx_word' id='word_1_267' title='bbox 921 3217 1140 3292; x_wconf 76' lang='lat' dir='ltr'><strong>Cyrenaeorum,</strong></span> <span class='ocrx_word' id='word_1_268' title='bbox 1163 3217 1189 3274; x_wconf 92' lang='lat' dir='ltr'><strong>si</strong></span> 
     </span>
     <span class='ocr_line' id='line_1_37' title="bbox 282 3293 1189 3374; baseline 0.002 -24"><span class='ocrx_word' id='word_1_269' title='bbox 282 3293 353 3352; x_wconf 87' lang='lat' dir='ltr'><strong>forte</strong></span> <span class='ocrx_word' id='word_1_270' title='bbox 367 3295 621 3374; x_wconf 87' lang='lat' dir='ltr'><strong>Carthaginienses</strong></span> <span class='ocrx_word' id='word_1_271' title='bbox 632 3296 667 3354; x_wconf 89' lang='lat' dir='ltr'><strong>ad</strong></span> <span class='ocrx_word' id='word_1_272' title='bbox 683 3297 791 3356; x_wconf 90' lang='lat' dir='ltr'><strong>bellum</strong></span> <span class='ocrx_word' id='word_1_273' title='bbox 806 3297 945 3356; x_wconf 87' lang='lat' dir='ltr'><strong>Antiochi</strong></span> <span class='ocrx_word' id='word_1_274' title='bbox 958 3315 1009 3373; x_wconf 89' lang='lat' dir='ltr'><strong>spe</strong></span> <span class='ocrx_word' id='word_1_275' title='bbox 1024 3296 1189 3371; x_wconf 87' lang='lat' dir='ltr'><strong>fiduciaque</strong></span> 
     </span>
     <span class='ocr_line' id='line_1_38' title="bbox 281 3373 1187 3452; baseline 0.003 -23"><span class='ocrx_word' id='word_1_276' title='bbox 281 3373 419 3432; x_wconf 88' lang='lat' dir='ltr'><strong>inducere</strong></span> <span class='ocrx_word' id='word_1_277' title='bbox 434 3385 546 3450; x_wconf 87' lang='lat' dir='ltr'><strong>posset:</strong></span> <span class='ocrx_word' id='word_1_278' title='bbox 567 3377 617 3433; x_wconf 90' lang='lat' dir='ltr'><strong>cui</strong></span> <span class='ocrx_word' id='word_1_279' title='bbox 638 3376 699 3452; x_wconf 91' lang='lat' dir='ltr'><strong>jam</strong></span> <span class='ocrx_word' id='word_1_280' title='bbox 714 3385 906 3452; x_wconf 86' lang='lat' dir='ltr'><strong>persuaserat,</strong></span> <span class='ocrx_word' id='word_1_281' title='bbox 921 3385 953 3434; x_wconf 92' lang='lat' dir='ltr'><strong>ut</strong></span> <span class='ocrx_word' id='word_1_282' title='bbox 971 3395 1040 3434; x_wconf 90' lang='lat' dir='ltr'><strong>cum</strong></span> <span class='ocrx_word' id='word_1_283' title='bbox 1057 3375 1187 3433; x_wconf 86' lang='lat' dir='ltr'><strong>exerciti·</strong></span> 
     </span>
     <span class='ocr_line' id='line_1_39' title="bbox 282 3453 1188 3532; baseline 0.003 -22"><span class='ocrx_word' id='word_1_284' title='bbox 282 3453 336 3510; x_wconf 92' lang='lat' dir='ltr'><strong>bus</strong></span> <span class='ocrx_word' id='word_1_285' title='bbox 350 3453 379 3511; x_wconf 92' lang='lat' dir='ltr'><strong>in</strong></span> <span class='ocrx_word' id='word_1_286' title='bbox 394 3453 508 3511; x_wconf 87' lang='lat' dir='ltr'><strong>Italiam</strong></span> <span class='ocrx_word' id='word_1_287' title='bbox 526 3455 766 3530; x_wconf 88' lang='lat' dir='ltr'><strong>proficisceretur.</strong></span> <span class='ocrx_word' id='word_1_288' title='bbox 808 3454 878 3513; x_wconf 87' lang='lat' dir='ltr'><strong>Huc</strong></span> <span class='ocrx_word' id='word_1_289' title='bbox 899 3453 1055 3532; x_wconf 88' lang='lat' dir='ltr'><strong>Magonem</strong></span> <span class='ocrx_word' id='word_1_290' title='bbox 1070 3454 1188 3513; x_wconf 84' lang='lat' dir='ltr'><strong>fratrent</strong></span> 
     </span>
    </p>

    <p class='ocr_par' dir='ltr' id='par_1_10' title="bbox 242 3532 1190 3848">
     <span class='ocr_line' id='line_1_40' title="bbox 242 3532 1188 3610; baseline 0 -22"><span class='ocrx_word' id='word_1_291' title='bbox 242 3533 399 3590; x_wconf 75' lang='lat' dir='ltr'><strong>nescivit.</strong></span> <span class='ocrx_word' id='word_1_292' title='bbox 453 3532 485 3591; x_wconf 91' lang='lat' dir='ltr'><strong>Id</strong></span> <span class='ocrx_word' id='word_1_293' title='bbox 510 3534 560 3590; x_wconf 90' lang='lat' dir='ltr'><strong>ubi</strong></span> <span class='ocrx_word' id='word_1_294' title='bbox 582 3534 665 3592; x_wconf 87' lang='lat' dir='ltr'><strong>Poeni</strong></span> <span class='ocrx_word' id='word_1_295' title='bbox 688 3535 877 3604; x_wconf 87' lang='lat' dir='ltr'><strong>resciverunt,</strong></span> <span class='ocrx_word' id='word_1_296' title='bbox 900 3533 1054 3610; x_wconf 90' lang='lat' dir='ltr'><strong>Magonem</strong></span> <span class='ocrx_word' id='word_1_297' title='bbox 1078 3533 1188 3602; x_wconf 87' lang='lat' dir='ltr'><strong>eadem,</strong></span> 
     </span>
     <span class='ocr_line' id='line_1_41' title="bbox 280 3610 1190 3690; baseline 0.001 -23"><span class='ocrx_word' id='word_1_298' title='bbox 280 3629 339 3686; x_wconf 89' lang='lat' dir='ltr'><strong>qna</strong></span> <span class='ocrx_word' id='word_1_299' title='bbox 354 3610 482 3682; x_wconf 84' lang='lat' dir='ltr'><strong>fratrem,</strong></span> <span class='ocrx_word' id='word_1_300' title='bbox 497 3612 644 3672; x_wconf 90' lang='lat' dir='ltr'><strong>absentem</strong></span> <span class='ocrx_word' id='word_1_301' title='bbox 659 3631 745 3690; x_wconf 88' lang='lat' dir='ltr'><strong>poena</strong></span> <span class='ocrx_word' id='word_1_302' title='bbox 759 3611 929 3671; x_wconf 87' lang='lat' dir='ltr'><strong>affecerunt.</strong></span> <span class='ocrx_word' id='word_1_303' title='bbox 972 3611 1019 3670; x_wconf 95' lang='lat' dir='ltr'><strong>Illi</strong></span> <span class='ocrx_word' id='word_1_304' title='bbox 1032 3612 1190 3688; x_wconf 88' lang='lat' dir='ltr'><strong>desperatis</strong></span> 
     </span>
     <span class='ocr_line' id='line_1_42' title="bbox 282 3691 1190 3766; baseline -0.001 -19"><span class='ocrx_word' id='word_1_305' title='bbox 282 3691 369 3748; x_wconf 87' lang='lat' dir='ltr'><strong>rebus</strong></span> <span class='ocrx_word' id='word_1_306' title='bbox 390 3709 482 3766; x_wconf 87' lang='lat' dir='ltr'><strong>quum</strong></span> <span class='ocrx_word' id='word_1_307' title='bbox 503 3691 655 3750; x_wconf 85' lang='lat' dir='ltr'><strong>solvissent</strong></span> <span class='ocrx_word' id='word_1_308' title='bbox 676 3710 776 3761; x_wconf 85' lang='lat' dir='ltr'><strong>naves,</strong></span> <span class='ocrx_word' id='word_1_309' title='bbox 790 3710 826 3748; x_wconf 91' lang='lat' dir='ltr'><strong>ac</strong></span> <span class='ocrx_word' id='word_1_310' title='bbox 840 3691 906 3750; x_wconf 85' lang='lat' dir='ltr'><strong>vela</strong></span> <span class='ocrx_word' id='word_1_311' title='bbox 920 3692 1014 3750; x_wconf 82' lang='lat' dir='ltr'><strong>ventis</strong></span> <span class='ocrx_word' id='word_1_312' title='bbox 1036 3691 1190 3760; x_wconf 84' lang='lat' dir='ltr'><strong>dedissent,</strong></span> 
     </span>
     <span class='ocr_line' id='line_1_43' title="bbox 282 3765 1190 3848; baseline 0.002 -22"><span class='ocrx_word' id='word_1_313' title='bbox 282 3765 430 3828; x_wconf 89' lang='lat' dir='ltr'><strong>Hannibal</strong></span> <span class='ocrx_word' id='word_1_314' title='bbox 444 3769 481 3829; x_wconf 88' lang='lat' dir='ltr'><strong>ad</strong></span> <span class='ocrx_word' id='word_1_315' title='bbox 495 3769 675 3830; x_wconf 84' lang='lat' dir='ltr'><strong>Antiochum</strong></span> <span class='ocrx_word' id='word_1_316' title='bbox 690 3770 829 3848; x_wconf 89' lang='lat' dir='ltr'><strong>pervenit.</strong></span> <span class='ocrx_word' id='word_1_317' title='bbox 865 3767 910 3828; x_wconf 88' lang='lat' dir='ltr'><strong>De</strong></span> <span class='ocrx_word' id='word_1_318' title='bbox 925 3769 1059 3848; x_wconf 87' lang='lat' dir='ltr'><strong>Magonis</strong></span> <span class='ocrx_word' id='word_1_319' title='bbox 1072 3769 1190 3828; x_wconf 88' lang='lat' dir='ltr'><strong>interitu</strong></span> 
     </span>
    </p>
   </div>
   <div class='ocr_carea' id='block_1_3' title="bbox 0 0 1344 4304">
    <p class='ocr_par' dir='ltr' id='par_1_11' title="bbox 0 0 1344 4304">
     <span class='ocr_line' id='line_1_44' title="bbox 0 0 1344 4304; baseline 0 0"><span class='ocrx_word' id='word_1_320' title='bbox 0 0 1344 4304; x_wconf 95' lang='lat' dir='ltr'><strong> </strong></span> 
     </span>
    </p>
   </div>
  </div>
 </body>
</html>
