2692 4306
369 385 473 453 XVII.
519 397 549 465 3,
563 396 594 454 4.
641 387 848 477 (Agaminus.)
1018 399 1061 460 69

148 557 264 599 summa
278 539 336 598 lide
351 543 458 600 mansit
478 541 638 620 Agesilaus
647 561 657 615 3
679 551 781 601 contra
794 560 831 600 ea
852 541 1064 620 Tissaphernes

145 619 216 676 nihil
231 619 327 689 aliud,
341 639 432 696 quam
448 620 558 678 bellum
570 622 759 698 comparavit.
801 620 834 680 ld
854 621 908 680 etsi
921 623 1063 682 sentiebat
1082 625 1101 682 b

144 695 235 768 Laco,
251 707 353 756 tamen
373 699 581 775 jusjurandum
605 700 748 770 servabat,
769 700 952 778 multumque
974 701 1006 758 in
1027 721 1063 760 eo

142 795 173 834 se
187 777 334 853 consequi
355 777 479 848 dicebat,
493 779 570 854 quod
591 777 802 854 Tissaphernes
825 778 953 854 perjurio
966 797 1020 838 suo
1033 789 1062 838 et

142 855 278 912 homines
292 856 355 913 suis
369 857 457 914 rebus
471 857 658 927 abalienaret,
679 867 709 914 et
732 856 800 916 deos
813 857 869 914 sibi
888 857 976 915 iratos
996 858 1060 916 red·

141 933 223 991 deret
233 953 244 1007 ς
269 951 303 991 sc
316 944 416 992 autern
430 946 601 994 conservata
625 936 764 1012 religione
785 935 959 993 confirmare
978 953 1060 994 exer-

140 1011 245 1083 eitum,-
261 1031 356 1090 quum
371 1014 622 1085 animadverteret,
642 1014 761 1072 deorum
781 1032 891 1072 numen
905 1013 1002 1072 lacere
1016 1033 1059 1072 se·

140 1107 221 1160 cum,
251 1091 443 1168 hominesque
470 1093 525 1151 ribi
552 1093 703 1152 conciliari
730 1093 892 1162 amiciores,
913 1092 991 1169 quod
1015 1093 1060 1152 his

139 1169 262 1226 studere
278 1181 476 1240 consuessent,
491 1189 563 1248 quos
578 1189 750 1230 conservare
764 1171 851 1229 fidem
866 1171 1007 1230 viderent.

180 1246 238 1305 111.
262 1247 420 1324 Postquam
444 1249 629 1307 induciarum
651 1250 790 1326 praeteriit
813 1249 884 1320 dies,
908 1250 1058 1320 barbarus,
1081 1255 1096 1308 l

140 1343 201 1383 nou
225 1326 373 1397 dubitans,
388 1327 463 1402 quod
493 1329 584 1405 ipsius
605 1338 688 1386 erant
711 1329 839 1404 plurima
861 1328 1008 1387 domicilia
1027 1329 1059 1386 in

140 1402 247 1474 Caria,
263 1413 292 1462 et
304 1424 341 1462 es
354 1407 434 1482 regio
448 1407 493 1464 his
506 1407 684 1484 temporibus
698 1406 790 1464 multo
810 1407 962 1482 putabatur
979 1407 1058 1465 locu·

144 1480 323 1558 pletissima,
338 1503 371 1541 eo
384 1485 562 1560 potissimum
584 1486 680 1543 hostes
693 1485 833 1561 impetum
849 1483 986 1554 facturos,
1000 1503 1058 1542 om·

145 1575 204 1617 nas
217 1578 290 1618 suas
304 1562 397 1637 copias
410 1581 443 1620 eo
456 1572 652 1621 contraxerat.
694 1563 736 1621 At
749 1561 909 1638 Agessilau
923 1563 954 1620 iu
967 1562 1058 1638 Phry·
1079 1569 1098 1624 2

143 1637 231 1714 giam
245 1657 279 1696 se
292 1641 437 1711 convertit,
453 1659 578 1718 eamque
599 1641 681 1719 prius
700 1639 892 1717 depopulatus
905 1650 957 1710 eat,
971 1659 1059 1718 quam

143 1715 361 1794 Tissaphernes
374 1737 498 1796 usquam
512 1739 545 1778 se
558 1729 696 1779 moveret.
740 1719 851 1797 Magna
870 1718 969 1796 praeda
982 1720 1055 1778 mili-

138 1794 220 1853 tibus
245 1796 439 1872 locupletatis,
468 1797 619 1876 Ephesum
643 1799 803 1856 hiematum
827 1799 989 1856 exercitum
1013 1817 1056 1857 re-

140 1871 233 1944 duxit,
250 1884 339 1950 atqua
360 1876 401 1932 ibi
420 1875 543 1935 officinis
557 1895 705 1936 annorum
725 1876 870 1948 institutis,
885 1895 992 1955 magna
1014 1879 1056 1936 in-

139 1951 254 2010 dustria
269 1954 381 2012 bellum
396 1957 556 2032 apparavit.
579 1956 619 2015 Et
631 1975 689 2034 quo
703 1956 857 2014 studiosius
872 1965 1057 2015 armarentur

138 2031 346 2108 insigniusque
368 2043 550 2105 ornarentur,
572 2036 691 2111 praemia
712 2035 867 2112 proposuit,
882 2035 988 2111 quibus
1008 2035 1056 2094 do·

138 2121 292 2180 narentur,
314 2129 441 2186 quorum
468 2114 587 2190 egregia
611 2114 641 2171 in
661 2133 697 2172 ea
721 2133 753 2172 re
776 2112 878 2172 suisset
901 2113 1054 2172 industria.

139 2186 223 2248 Fecit
238 2189 319 2246 idem
340 2190 371 2246 in
385 2193 624 2250 exercitationum
638 2193 803 2270 generibus,
819 2203 860 2262 ut,
874 2193 926 2268 qui
948 2194 1054 2251 ceteris
1076 2198 1095 2252 8

137 2270 351 2342 praedassent,
366 2287 416 2326 eos
429 2271 543 2348 magnis
556 2270 686 2329 afficeret
707 2271 886 2328 muneribus.
928 2269 984 2328 His
1002 2271 1055 2346 igi-

138 2355 186 2403 tur
198 2347 292 2406 rebus
306 2346 412 2417 effecit,
428 2359 459 2406 ut
474 2359 503 2407 et
516 2350 731 2407 ornatissimum
740 2359 769 2406 et
783 2349 1056 2405 exercitatissimum

137 2424 260 2484 baberet
285 2427 460 2484 exercitum.
503 2427 584 2486 Huic
605 2445 697 2505 quum
721 2437 836 2502 tempus
850 2437 926 2483 esset
950 2426 1096 2496 visum,4

138 2505 239 2581 copias
253 2505 409 2563 extrahere
423 2525 460 2564 ex
474 2506 681 2576 hibernaculis,
696 2504 776 2576 vidit,
792 2505 826 2574 si,
841 2523 899 2580 quo
913 2512 989 2561 esset
1001 2504 1057 2561 iter

138 2579 285 2654 facturus,
311 2583 408 2660 palam
436 2585 658 2662 pronuntiasset,
683 2585 779 2642 hostes
803 2601 861 2640 non
885 2580 1055 2654 credituros,

138 2660 274 2738 aliasque
288 2663 423 2738 regiones
437 2663 578 2739 presidiis
586 2672 789 2740 occupaturos,
801 2660 1053 2732 needubitaturos,

137 2739 221 2798 aliud
250 2759 315 2798 esse
337 2739 547 2812 facturumue
571 2743 794 2819 pronuntiasset.
836 2739 938 2818 Itaque
961 2744 1094 2817 quumb

137 2817 187 2876 illa
212 2817 335 2876 Sardeis
350 2819 462 2877 iturum
476 2839 508 2878 se
533 2821 661 2890 dixisset,
687 2819 898 2897 Tissaphernes
922 2819 1054 2878 eamdem

136 2894 259 2954 Cariam
273 2896 483 2956 defendendam
497 2900 617 2976 putavit.
652 2899 687 2958 lu
701 2917 758 2976 quo
771 2917 863 2976 quum
877 2917 945 2957 eum
958 2899 1054 2976 opinio

138 2971 300 3045 fefellisset,
316 2977 484 3054 victumque
494 2997 526 3036 se
537 2978 655 3036 vidisset
665 2979 804 3050 consili03
826 2996 892 3036 sero
905 2978 967 3035 suis
981 2996 1052 3054 prea-

137 3051 212 3112 sidio
227 3054 373 3130 profectus
387 3065 441 3114 est.
483 3057 514 3114 N
516 3076 563 3114 am
576 3077 669 3134 quum
685 3057 736 3115 illo
750 3057 884 3126 venisset,
896 3055 959 3130 jam
973 3057 1052 3134 Age-

138 3131 242 3202 silaus,
257 3134 356 3192 multis
370 3135 443 3193 locis
456 3137 638 3212 expugnatis,
653 3155 701 3193 ma
743 3155 761 3192 a
774 3145 837 3194 erat
862 3135 959 3211 pracda
983 3136 1051 3211 poti-

138 3217 196 3268 tus.
240 3211 322 3270 Laoo
343 3223 450 3284 autem,
465 3233 557 3289 quum
571 3215 690 3284 videret,
725 3224 800 3272 ostes
821 3214 950 3290 equitatu
968 3228 1051 3290 supe-
1072 3215 1091 3270 a

141 3301 215 3359 rare,
230 3309 391 3367 numquam
409 3293 439 3350 in
463 3294 637 3368 composui
662 3293 731 3352 fecit
755 3301 933 3368 potestatam,
955 3302 984 3350 et
1007 3293 1052 3350 his

140 3364 212 3424 locis
225 3387 345 3427 manum
358 3372 514 3441 conseruit,
530 3372 637 3448 quibus
658 3371 725 3448 plus
738 3371 885 3446 pedestres
898 3371 989 3447 oopiae
1003 3389 1051 3428 va-

141 3441 243 3504 lerent.
286 3447 403 3524 Pepulit
428 3467 507 3526 ergo,
532 3451 773 3526 quotiescumque
797 3467 974 3526 congressus
998 3458 1051 3518 est,

141 3523 231 3582 multo
253 3527 380 3603 majores
404 3527 639 3586 adversariorum
660 3529 768 3605 copias,
794 3537 824 3586 et
851 3529 894 3586 sie
918 3528 950 3584 in
977 3526 1053 3583 Asia

141 3613 271 3662 versatus
285 3614 337 3675 est,
353 3615 385 3664 ut
399 3607 530 3665 omnium
543 3607 676 3684 opinione
690 3608 784 3665 victor
797 3605 966 3664 duceretur.

180 3679 232 3740 lV.
254 3682 314 3743 Hio
336 3701 429 3762 quum
451 3684 513 3761 jam
528 3686 626 3743 animo
644 3685 836 3743 meditaretur
856 3679 1002 3759 proficisci
1020 3678 1051 3736 in
1073 3684 1087 3738 l

142 3755 253 3833 Persas,
267 3771 298 3822 et
317 3763 414 3842 ipsum
428 3779 529 3842 regem
549 3763 666 3834 adoriri,
680 3763 802 3820 nuntius
825 3761 855 3817 ei
876 3758 960 3815 domo
974 3757 1053 3814 venit
