2680 4304
410 384 531 449 XVIII.
576 392 605 448 9.
653 383 846 468 (Eumenes.)
1039 395 1080 454 'tt

157 537 207 597 nd
223 548 260 597 ut
275 523 408 596 militum
423 539 545 615 cogebat
559 538 703 597 voluntas.
738 537 876 614 Namque
889 539 942 598 illa
955 539 1084 616 phalanx
1103 545 1123 600 2

156 617 334 677 Alexandri
349 617 463 694 Magni,
479 635 544 693 quae
566 618 672 674 Asiam
692 629 862 694 peragrarat
875 617 1082 693 deviceratque

64 749 66 754 .
156 695 279 766 Persas,
296 698 462 754 inveterata
482 713 572 771 quum
586 696 759 772 gloriatum
772 695 861 753 etiam
882 696 1009 766 lIcentia,
1024 715 1082 754 non

154 793 266 850 parere
290 795 323 832 se
346 774 482 844 ducibus,
503 774 554 831 sed
572 775 717 850 imperare
739 775 917 850 postulabat:
946 786 978 832 ut
1001 794 1082 834 nunc

154 855 297 910 veterani
312 852 428 910 faciunt
447 853 548 910 nostri.
590 852 692 928 ltaque
713 853 877 929 periculum
891 864 943 922 est,
958 872 995 911 ne
1010 853 1082 912 faci·

84 959 86 964 ·
153 942 215 1002 ant,
232 931 316 1008 quod
341 932 386 988 illi
412 930 545 988 fecerunt
564 949 620 988 sua
639 932 860 1008 intemperantia
880 933 1027 1008 nimiaque
1047 934 1079 990 li-

153 1011 269 1080 centia,
286 1020 320 1068 ut
332 1010 435 1068 omnia
449 1009 579 1086 perdant,
594 1027 688 1085 neque
703 1011 799 1066 minus
813 1029 871 1079 eos,
886 1029 955 1068 cum
973 1012 1081 1087 quibus

153 1089 304 1158 steterint,
320 1107 413 1165 quam
434 1087 574 1145 adversus
597 1107 670 1164 quos
691 1085 823 1146 iecerint.
866 1089 952 1154 Quod
976 1091 1081 1166 siquis
1101 1095 1120 1150 3

154 1167 281 1224 illorum
295 1177 504 1224 veteranorum
519 1166 597 1243 legat
611 1165 789 1242 luctanctis
802 1168 1078 1244 horumcognoscat,

153 1263 339 1321 aequarem
355 1245 459 1314 ullam,
474 1245 529 1301 nisi
550 1255 674 1320 tempus,
695 1246 836 1303 interesse
857 1245 979 1322 judicet.
1021 1246 1079 1304 Sed

156 1323 196 1380 ad
223 1323 293 1382 illos
313 1333 455 1380 revertar.
509 1322 641 1380 Hiberna
662 1333 827 1381 sumserunt
850 1343 907 1382 non
932 1325 968 1381 ad
994 1343 1080 1382 usum

158 1401 247 1471 belli,
262 1402 313 1459 sed
338 1401 374 1458 ad
396 1401 523 1478 ipsorum
538 1401 697 1472 luxuriam,
719 1401 862 1478 longeque
883 1403 958 1461 iuter
978 1422 1010 1460 se
1024 1404 1079 1460 dis·

162 1490 330 1536 cesserant.
369 1479 433 1537 Hoc
458 1481 625 1556 Antigonus
649 1498 742 1554 quum
763 1481 959 1556 comperisset,
974 1483 1119 1541 intelli-t

165 1567 322 1634 geretque,
336 1577 367 1616 se
387 1577 484 1635 parem
505 1577 562 1616 non
577 1577 642 1615 esse
664 1559 772 1634 paratis
786 1559 969 1628 adversariis,
983 1561 1082 1617 statuit

165 1635 282 1712 aliquid
297 1637 352 1693 sibi
375 1637 486 1694 consilii
510 1637 577 1694 novi
598 1656 663 1694 esse
684 1635 869 1712 capiendum.
911 1635 985 1694 Duae
1000 1648 1082 1695 erant

164 1714 231 1784 viae,
248 1733 308 1791 qua
321 1735 358 1772 ex
373 1714 475 1784 Medis,
491 1715 542 1773 ubi
561 1715 612 1772 ille
627 1715 782 1785 hiemabat,
798 1714 835 1772 ad
849 1714 1081 1773 adversariorum

159 1791 356 1852 hibernacula
370 1803 466 1870 posset
479 1795 635 1870 perveniri.
672 1793 808 1859 Quarum
824 1795 938 1852 brevior
951 1813 1003 1872 per
1017 1793 1081 1852 loca
1101 1797 1120 1854 b

73 1892 77 1900 ·
158 1869 289 1942 deserta,
304 1891 372 1948 quae
385 1891 472 1929 nemo
492 1872 635 1930 incolebat
649 1882 765 1949 propter
779 1891 863 1948 aquae
883 1873 1018 1950 inopiam,
1033 1893 1081 1931 ce·

158 1959 260 2008 terum
274 1951 392 2008 dierum
407 1961 471 2008 erat
495 1949 556 2009 sere
576 1951 698 2023 decem3
721 1951 773 2009 ille
787 1961 893 2022 autem,
908 1971 967 2028 qua
980 1970 1080 2010 omnes

157 2030 377 2100 commeabant,
393 2029 485 2087 altero
504 2039 583 2087 tanto
596 2030 753 2106 longiorem
768 2031 891 2088 habebat
905 2031 1080 2099 anfractum,

158 2107 209 2164 sed
224 2119 293 2166 erat
313 2109 431 2185 copiosa
444 2109 631 2184 omnIumque
646 2127 744 2166 rerum
764 2109 924 2167 abundans.
966 2109 1034 2167 Hac
1054 2110 1080 2166 si
1101 2111 1119 2166 6

158 2187 412 2263 proficisceretur,
427 2186 615 2264 intelligebat,
631 2188 711 2263 prius
726 2187 907 2250 adversarios
921 2189 1080 2246 rescituros

157 2263 193 2321 de
207 2285 267 2324 suo
281 2265 420 2334 adventu,
442 2283 531 2340 quam
555 2267 616 2342 ipse
637 2267 751 2323 tertiam
776 2275 887 2341 partem
908 2265 1081 2324 confecisset

158 2343 297 2416 itineris;
320 2345 367 2402 sin
382 2361 435 2420 per
448 2344 513 2401 loca
526 2345 587 2402 sola
608 2344 802 2411 contenderet,
811 2345 961 2418 sperabat,
977 2361 1009 2399 se
1028 2343 1080 2399 im-

159 2422 339 2496 prudentem
361 2423 473 2480 hostem
494 2441 709 2500 oppressurum.
753 2421 802 2478 Ad
827 2421 903 2478 hanc
917 2439 979 2478 rem
993 2419 1079 2476 consr-
1100 2423 1119 2476 7

159 2501 302 2560 ciendam
326 2501 483 2577 imperavit
507 2519 596 2576 quam
617 2501 757 2577 plurimus
782 2507 863 2556 utres
884 2508 970 2574 atque
995 2498 1081 2554 etiam

158 2579 277 2638 culleos
290 2579 455 2656 comparari
469 2599 478 2652 ;
502 2589 564 2655 post
584 2579 648 2636 haec
662 2577 802 2655 pabulum
816 2597 825 2648 3
848 2585 989 2652 preterea
1002 2576 1080 2633 cibe·

158 2658 204 2715 ria
220 2668 306 2716 cocta
320 2659 436 2716 dierum
450 2657 560 2728 decem,
571 2667 661 2732 utque
676 2675 764 2733 quam
780 2655 899 2713 minime
907 2655 991 2713 lieret
1004 2655 1081 2732 iguis

158 2735 189 2792 in
204 2737 324 2795 castris.
367 2735 436 2806 Iter,
451 2735 526 2812 quod
542 2736 675 2805 babebat,
689 2753 790 2792 omnes
803 2733 890 2792 celat.
932 2733 983 2793 Sic
997 2751 1079 2810 para-

158 2823 219 2884 tus,
233 2833 295 2890 qua
308 2815 508 2884 constituerat,
523 2814 725 2890 proficiscitur.

199 2893 258 2952 lx.
288 2891 453 2951 DImidium
481 2891 541 2950 iere
568 2893 693 2968 spatium
721 2890 896 2962 confecerat,
923 2910 1015 2968 quum
1041 2909 1078 2948 ex
1101 2894 1116 2948 1

162 2969 245 3030 sumo
259 2982 425 3030 castrorum
439 2970 504 3046 ejus
527 2971 654 3047 suspicio
674 2970 763 3027 allata
777 2980 821 3027 est
843 2970 879 3028 ad
904 2970 1078 3039 Eumenem,

161 3048 276 3108 hostem
301 3049 544 3127 appropinquare.
586 3049 770 3108 Conveniunt
794 3049 884 3106 duces
896 3067 905 3120 ;
927 3049 1077 3124 queritur,

161 3128 233 3203 quid
247 3147 321 3204 opus
336 3129 374 3186 sit
389 3127 476 3186 sacto.
517 3126 721 3204 intelligebant
737 3145 847 3196 omnes,
863 3137 923 3184 tam
944 3126 1079 3184 celeriter

161 3208 262 3284 copias
276 3207 408 3283 ipsorum
422 3206 552 3264 contrahi
567 3223 624 3262 non
645 3225 737 3280 posse,
752 3223 841 3280 quam
857 3204 1023 3280 Antigonus
1037 3204 1077 3262 al-

163 3281 282 3342 iuturus
297 3285 462 3342 videbatur.
503 3283 564 3341 HIc
577 3284 710 3341 omnibus
723 3283 924 3351 tituBentibus,
942 3293 971 3340 et
985 3282 1020 3340 de
1034 3302 1077 3341 re·
1098 3287 1117 3342 2

163 3361 218 3420 bus
238 3364 364 3421 summis
383 3361 612 3438 desperantibus,
627 3361 778 3418 Eumenes
792 3361 841 3429 ait,
857 3360 882 3416 si
902 3360 1078 3418 celeritatem

163 3441 255 3500 velint
269 3442 419 3510 adhibere,
433 3449 463 3497 et
476 3441 619 3515 imperata
634 3437 740 3509 Iacere,
756 3438 832 3514 quod
854 3446 921 3494 ente
935 3456 991 3495 non
1004 3437 1077 3498 sece-

164 3520 229 3589 rint,
244 3539 278 3578 se
293 3539 356 3578 rem
371 3517 586 3594 expediturum.
628 3516 706 3576 Nam
721 3515 799 3593 quod
824 3515 926 3572 diebus
950 3517 1078 3590 quinque

163 3595 253 3656 hostis
267 3599 408 3656 transisse
423 3605 527 3672 posset,
542 3613 574 3652 se
589 3593 772 3663 effecturum,
789 3605 892 3650 utnon
907 3594 1003 3650 miuus
1017 3594 1078 3650 toti-

162 3673 228 3733 dem
259 3675 378 3734 dicrum
404 3673 497 3750 spatio
519 3673 733 3730 retardaretur:
765 3688 858 3746 quare
882 3669 1078 3740 circumirent,

162 3770 291 3831 nanque
304 3754 431 3831 quIsque
444 3752 543 3828 copias
556 3750 750 3860 oontmlqeret.
795 3745 844 3804 Ad
869 3744 1007 3824 Antigoni
1028 3767 1077 3808 au·
1099 3751 1118 3808 ³
