2680 4304
252 387 311 449 104
363 381 471 448 XXV.
519 389 567 447 ta.
613 379 665 466 (Τ.
682 379 880 465 Pomponius
893 378 1043 464 Atticus.)

246 535 331 598 liator
344 535 399 596 fuit
413 535 484 614 (nou
498 547 542 596 est
556 537 634 594 culm
643 532 813 613 celandum)
827 533 870 592 M.
887 533 1041 604 Antonius,
1055 534 1152 594 trium

247 616 298 674 vit
309 616 478 692 reipublice
489 615 713 674 constituenda:
735 614 822 690 cujus
857 614 931 671 ratia
943 629 1035 688 quum
1050 631 1154 691 augere

222 699 225 706 '
246 696 440 772 possessIones
463 704 558 771 posset
578 704 783 764 mastacium
799 633 892 751 abluit
905 709 924 749 a
938 691 1095 827 cupiditate
1109 711 1158 769 pe·

246 775 350 844 cuniae,
367 783 399 831 ut
421 773 503 832 nulla
526 775 557 832 in
577 792 609 830 rs
624 791 696 832 usus
716 774 754 831 sit
774 791 820 841 ea,
835 771 891 829 nisi
914 771 944 827 iu
988 771 1158 847 eprecandia

208 855 227 910 8
249 855 410 911 amicorum
431 863 483 911 aut
506 851 655 930 periculis,
677 863 728 911 aut
748 850 946 909 incommodis.
988 849 1074 915 Quod
1094 852 1157 927 qui.

246 931 312 989 dem
326 933 381 990 sub
395 933 457 1008 ipsa
475 932 681 1008 proscriptione
696 931 861 1008 perillustre
876 927 941 986 init.
976 927 1055 986 Nam
1066 947 1159 1006 quum

247 1009 284 1069 L.
300 1010 423 1081 Saufeii,
439 1011 543 1088 equitis
558 1010 690 1079 Romam,
706 1010 829 1086 aequalis
848 1009 905 1078 sul,
920 1008 971 1084 qui
992 1009 1159 1084 complures

248 1108 347 1160 anuos,
375 1089 469 1148 studio
495 1088 600 1149 ductus
627 1087 820 1166 philosophiae,
846 1087 971 1144 Athenis
997 1087 1158 1157 habitabat,

247 1167 428 1245 habebatque
454 1169 484 1225 iu
507 1167 593 1228 Italia
614 1169 753 1244 pretiosas
780 1167 981 1243 possessiones,
1010 1167 1159 1224 triumviri

248 1246 321 1305 bona
334 1247 528 1306 vendidissent
551 1246 759 1306 consuetudine
780 1263 826 1315 ea,
840 1263 900 1321 qua
923 1255 985 1302 tum
1007 1263 1055 1302 res
1074 1263 1158 1322 gere-

247 1326 365 1384 bantur:
398 1327 490 1384 Attici
514 1326 612 1384 labore
635 1336 722 1401 atque
749 1323 890 1382 Industria
915 1322 1025 1381 iactum
1049 1334 1101 1393 est,
1125 1334 1158 1384 ut

246 1404 346 1462 eodem
370 1405 471 1464 nuntio
493 1403 631 1463 Saufeius
654 1403 737 1462 fieret
760 1404 873 1472 certior,
898 1421 930 1459 se
951 1403 1158 1478 patrimonium

208 1484 377 1542 demisisse
404 1492 434 1542 et
458 1501 657 1562 recuperasse.
699 1481 779 1540 Idem
806 1481 844 1541 L.
872 1479 986 1539 Iulium
1009 1481 1157 1553 Calidum,

245 1581 333 1638 quem
348 1571 408 1640 post
430 1561 563 1621 Lucretii
583 1561 750 1639 Catullique
764 1571 884 1619 mortem
898 1560 989 1618 multo
1002 1561 1157 1638 elegantis·

246 1641 351 1699 simum
367 1648 479 1718 poetam
492 1651 620 1701 nostram
633 1641 734 1699 tulisse
749 1649 862 1700 aetatem
876 1657 945 1698 vere
959 1639 1060 1698 videor
1073 1659 1158 1717 pooee

246 1720 428 1790 contendere,
443 1739 537 1798 neque
557 1722 654 1778 miuus
668 1720 764 1777 virum
789 1721 895 1778 bouum
918 1719 1089 1796 optimisque
1111 1737 1158 1777 ar.

246 1799 323 1856 tibus
349 1797 504 1868 eruditum,
533 1810 596 1877 post
622 1799 859 1876 proscriptionem
886 1797 1017 1874 equitum
1042 1809 1158 1876 propter

246 1895 369 1954 magnas
394 1878 459 1954 ejus
481 1877 639 1938 Africanas
662 1879 855 1954 possessiones
876 1879 906 1935 in
931 1877 1158 1954 proscriptorum

246 1973 401 2012 numerum
424 1975 442 2012 a
469 1956 502 2014 P.
528 1957 694 2026 Volumnio,
718 1955 854 2034 prefecto
881 1955 997 2014 fabrum
1025 1957 1156 2028 Antonii,

207 2035 226 2089 5
247 2034 394 2091 absentem
409 2034 542 2105 relatum,
557 2035 712 2111 expedivit.
763 2033 848 2100 Quod
863 2036 894 2092 in
908 2036 1043 2111 praesenti
1057 2045 1157 2094 utrum

246 2112 274 2169 ei
288 2112 460 2171 laboriosius
474 2132 511 2170 au
525 2113 677 2191 gloriosius
692 2113 788 2184 fuerit,
803 2113 921 2172 difficile
937 2112 991 2172 suit
1002 2113 1155 2190 judicare:

245 2190 321 2267 quod
335 2191 366 2248 iu
380 2209 480 2250 eorum
495 2191 642 2268 periculis,
655 2211 712 2250 non
726 2211 813 2251 secus
827 2193 969 2263 absentes,
983 2211 1072 2270 quam
1083 2211 1158 2271 prar-

246 2279 341 2328 sentes
354 2271 463 2330 amicos
477 2272 577 2330 Attico
590 2291 654 2330 esse
668 2289 757 2341 curae,
772 2274 919 2348 cognitum
933 2282 986 2330 ast.

208 2351 223 2408 1
287 2347 368 2408 XIII.
390 2349 498 2428 Neque
511 2369 581 2410 vero
594 2351 691 2409 minus
711 2352 761 2409 ille
776 2351 821 2408 vir
839 2352 932 2408 bonus
945 2350 1157 2428 paterfamIIIas

245 2427 362 2488 habitus
376 2439 428 2501 ast,
447 2449 536 2507 quam
557 2431 640 2488 ciuis.
681 2430 712 2488 N
714 2447 762 2488 am
776 2449 867 2507 quum
881 2441 957 2488 esset
971 2433 1154 2507 pecuniosus,

245 2525 330 2567 nemo
350 2508 401 2568 illo
420 2511 517 2568 miuus
542 2507 598 2568 suit
620 2528 715 2581 emax,
730 2509 826 2567 miuus
839 2508 1006 2566 aedilioator.
1048 2510 1156 2587 Neque

245 2595 343 2645 tamen
356 2605 413 2646 non
426 2588 572 2665 inprimis
586 2589 658 2647 bene
672 2588 821 2658 habitavit,
834 2587 1026 2664 omnibusque
1039 2590 1156 2666 optimis

207 2667 225 2720 2
246 2666 334 2723 rebus
348 2685 419 2724 usus
433 2677 487 2725 est.
528 2666 609 2726 Nam
623 2667 740 2726 domum
753 2667 854 2724 habuit
873 2667 904 2723 iu
918 2667 993 2725 colle
1007 2667 1156 2734 Quirinali

246 2743 483 2820 Tamphilanam,
498 2745 536 2803 ab
550 2747 697 2805 avunculo
717 2745 876 2804 hereditate
897 2746 1047 2805 reIIctam:
1068 2747 1156 2824 cujus

246 2823 400 2880 amoenitas
413 2841 470 2881 non
483 2823 613 2895 edificio,
628 2825 678 2882 scd
692 2825 767 2883 silva
778 2824 937 2883 constabat.
967 2823 1066 2903 Ipsum
1077 2827 1155 2884 enlm

245 2909 363 2971 tectum,
378 2902 536 2977 antiquitus
549 2903 744 2974 constitutum,
754 2903 820 2979 plus
833 2904 912 2973 salis,
923 2923 1012 2980 quam
1020 2915 1154 2982 sumptus

245 2979 387 3037 habebat:
408 2980 439 3037 iu
452 2999 510 3057 quo
525 2980 595 3038 nihil
610 2983 807 3052 commutavit,
822 2983 878 3040 uisi
892 2983 917 3040 si
931 2983 1000 3059 quid
1012 2993 1155 3043 vetustate

206 3059 224 3113 8
245 3068 365 3116 coactus
378 3069 432 3116 est.
474 3059 553 3118 Usus
567 3069 611 3117 est
635 3059 755 3131 familia,
770 3061 795 3120 si
818 3062 941 3120 utilitate
962 3061 1154 3138 judIcaudum
1195 3077 1203 3084 '

244 3146 297 3208 est,
318 3138 445 3214 optima;
466 3139 492 3195 si
515 3137 615 3208 forma,
640 3139 690 3196 vir
715 3139 862 3198 mediocri.
904 3139 1042 3218 Namque
1063 3143 1093 3199 in
1118 3159 1155 3199 ea

244 3225 328 3274 erant
352 3217 436 3293 pueri
450 3216 657 3288 litteratissimi,
673 3228 838 3296 anagnostae
861 3219 969 3295 optimi,
984 3230 1013 3278 et
1036 3219 1155 3298 plurimi

244 3294 365 3366 librarii,
381 3304 413 3353 ut
433 3314 470 3354 ne
492 3296 666 3374 pedisequus
690 3297 808 3374 quidem
828 3299 984 3374 quisquam
998 3309 1083 3371 esset,
1103 3300 1154 3376 qui

243 3392 300 3431 nou
315 3383 471 3450 utrumque
485 3375 589 3434 horum
603 3376 725 3452 pulchre
739 3375 837 3435 lacere
852 3387 966 3453 posset;
989 3379 1052 3455 pari
1071 3377 1155 3437 modo

244 3452 371 3510 artifices
384 3455 483 3525 ceteri,
505 3473 578 3531 quos
591 3455 689 3513 cultus
702 3454 877 3514 domesticus
890 3453 1044 3526 desiderat,
1060 3457 1155 3535 appri-

204 3533 291 3590 dme
312 3532 388 3591 boni.
430 3533 536 3610 Neque
560 3543 658 3592 tamen
679 3533 781 3592 horum
795 3553 981 3612 quemquam,
996 3537 1053 3595 nisi
1076 3535 1154 3594 domi

242 3620 343 3669 natum
363 3611 498 3690 domique
519 3611 638 3682 factum,
658 3612 775 3672 habuit:
796 3613 872 3690 quod
891 3622 936 3672 est
959 3616 1077 3694 siguum
1096 3631 1154 3673 nou

243 3689 337 3748 solum
350 3691 541 3762 conticenda,
556 3690 606 3749 sed
628 3691 715 3749 etiam
738 3691 906 3768 diligentiae.
947 3693 1028 3752 Nam
1048 3704 1078 3754 et
1097 3709 1154 3752 nou

243 3767 468 3847 iutempemntsr
494 3768 711 3846 concupiscere,
738 3770 814 3849 quod
843 3789 862 3830 a
887 3772 1022 3848 plurimis
1042 3772 1154 3845 videas,
