2680 4304
389 409 510 473 XVIII.
558 420 586 475 5.
634 410 827 495 (Eumenes.)
1020 423 1062 480 75

154 563 224 624 fecto
238 563 316 623 duee
330 564 462 635 Cratero,
474 565 573 623 multis
586 575 727 642 praeterea
737 573 766 624 et
780 565 906 624 maxime
919 566 1064 626 nobilibus
1138 580 1145 594 '

152 645 249 720 captis,
260 643 396 720 pedester
409 645 564 715 exercitus,
574 645 651 722 quod
664 645 695 702 iu
709 663 745 702 ea
755 645 821 703 loca
834 653 897 702 erat
910 644 1062 716 deductus,

151 733 180 782 nt
192 724 286 781 Invito
300 721 436 781 Eumene
450 723 527 781 elabi
551 743 608 782 non
629 733 732 801 posset,
746 743 850 801 pacem
864 724 901 782 ab
915 743 950 782 eo
969 727 1060 801 petiit.

150 803 246 868 Quam
260 821 355 878 quum
365 803 558 878 impetrasset,
570 805 600 860 iu
614 804 671 861 fide
684 822 742 860 non
756 804 870 873 mansit,
881 812 910 861 et
923 821 964 874 se,
973 805 1061 862 simul

148 901 181 939 uo
196 883 300 959 potuit,
316 881 352 938 ad
367 881 557 958 Antipatrum
571 884 690 960 recepit.
731 882 880 940 Eumenes
896 881 1060 953 Craterum,
1081 886 1098 943 4

148 981 183 1018 ex
197 963 263 1019 acie
278 961 455 1018 semivivum
469 961 588 1031 elatum,
603 980 736 1020 recreare
756 961 874 1019 studuit.
917 961 1018 1028 Quum
1032 963 1061 1020 id

147 1059 202 1097 nou
217 1049 324 1116 posset,
340 1059 392 1116 pro
406 1040 530 1098 hominis
541 1040 687 1117 dignitate,
703 1059 812 1117 proque
827 1041 947 1116 pristina
962 1043 1060 1100 amIci·

148 1119 187 1176 tia
202 1120 345 1196 (namque
359 1119 411 1176 illo
426 1135 497 1176 usus
511 1129 582 1190 erat,
590 1120 759 1178 Alexandro
773 1120 848 1189 vivo,
865 1118 1060 1196 familiariter)

148 1199 243 1276 amplo
258 1197 363 1256 funere
378 1198 491 1270 extulit,
505 1217 628 1274 ossaque
642 1201 673 1256 in
687 1199 889 1257 Macedoniam
906 1201 988 1258 uxori
997 1201 1061 1276 ejus

147 1295 183 1333 ao
197 1277 300 1335 liberis
314 1277 435 1334 remisit.

187 1355 229 1412 V.
252 1355 328 1414 Haeo
338 1355 407 1412 dum
420 1356 497 1432 apud
511 1355 732 1434 Hellespontum
743 1367 894 1433 geruntur,
904 1356 1061 1416 Perdiccas
1083 1361 1096 1414 1

150 1434 230 1509 apud
243 1435 351 1492 flumen
365 1434 469 1492 Nilum
482 1435 657 1492 interficitur
673 1455 690 1492 a
705 1435 831 1493 Seleuco
844 1445 873 1492 et
893 1436 1058 1512 Antigon03

152 1529 313 1587 rerumque
334 1531 444 1570 summa
467 1513 502 1570 ad
530 1513 718 1591 Antipatrum
739 1513 879 1572 defertur.
921 1513 989 1583 Hic,
1010 1517 1061 1589 qui

153 1589 352 1660 deseruerant,
366 1593 494 1650 exercitu
516 1593 689 1670 suffragium
710 1590 831 1660 ferente,
845 1592 949 1669 capitis
963 1593 1061 1650 absen-

152 1679 196 1726 tes
210 1669 399 1728 damnantur:
419 1673 450 1728 in
475 1672 521 1730 his
546 1671 706 1729 Eumenes.
749 1671 816 1729 Hac
837 1671 887 1728 ille
909 1671 1062 1748 perculsus

148 1748 237 1826 plaga
251 1767 309 1806 non
331 1750 495 1821 succubuit,
510 1769 606 1828 neque
623 1769 657 1808 eo
671 1751 769 1808 secius
794 1750 903 1808 bellum
927 1749 1060 1808 adminis·

147 1829 246 1885 travit.
290 1827 349 1886 Sed
373 1829 465 1888 exiles
490 1848 537 1888 res
551 1831 641 1887 animi
665 1829 904 1906 magnitudinem,
926 1829 980 1886 etsi
1004 1848 1059 1887 non

148 1904 332 1985 frangebant,
346 1916 445 1965 tamen
466 1909 645 1966 minuebant.
688 1907 778 1966 Hunc
801 1927 976 1986 persequens
998 1910 1059 1966 An·
1081 1913 1099 1965 2

146 1986 273 2064 figonus,
288 2005 380 2062 quum
400 1987 479 2044 omni
499 2006 607 2064 genere
629 1989 778 2064 copiarum
801 1988 968 2057 abundaret,
983 2007 1060 2064 saepe

145 2065 175 2121 in
201 2066 359 2123 itineribus
383 2066 562 2124 vexabatur:
591 2085 685 2143 neque
715 2085 854 2143 umquam
878 2067 916 2125 ad
940 2085 1060 2124 manum

81 2207 85 2218 ι
146 2145 290 2202 accedere
304 2144 422 2214 licebat,
437 2145 493 2201 nisi
513 2145 558 2203 his
572 2145 652 2216 locis,
667 2147 772 2221 quibus
787 2147 873 2223 pauci
887 2146 986 2204 multis
997 2165 1059 2222 pos-

146 2233 207 2280 sent
225 2225 378 2281 resistere.
434 2222 492 2280 Sed
514 2235 643 2282 extremo
665 2235 802 2301 tempore,
825 2243 916 2300 quum
941 2225 1100 2282 consili03

146 2303 210 2379 capi
237 2321 298 2360 nou
320 2311 424 2378 posset,
440 2303 624 2362 multitudine
645 2304 864 2362 circumventus
884 2313 938 2360 est.
981 2303 1061 2359 Hiuo

145 2390 256 2452 tamen,
271 2381 372 2438 multis
385 2382 447 2438 suis
462 2383 584 2452 emissis,
598 2403 629 2441 se
649 2382 804 2458 expedIvit,
822 2390 850 2438 et
864 2382 894 2437 in
908 2381 1061 2438 castellum

147 2459 297 2537 Phrygiae,
312 2459 389 2536 quod
403 2459 434 2517 N
435 2479 486 2518 ora
500 2462 672 2538 appellatur,
687 2459 828 2536 confugit.
851 2458 886 2517 In
899 2477 957 2535 quo
970 2475 1061 2534 quum
1082 2461 1101 2514 4

146 2539 425 2609 circumsederetur,
454 2551 483 2598 et
510 2551 671 2610 vereretur,
696 2559 734 2596 ne
762 2557 821 2596 uno
851 2538 914 2596 loco
942 2553 1063 2594 manens

146 2637 240 2694 equos
254 2619 397 2676 militares
412 2619 554 2696 perderet,
566 2619 641 2696 quod
657 2619 781 2695 spatium
796 2635 853 2675 non
867 2625 943 2674 esset
952 2617 1061 2693 agitan-

147 2697 193 2755 dl:
216 2697 362 2755 callidum
377 2697 432 2756 fuit
454 2698 519 2773 ejus
542 2699 703 2768 inventurn,
718 2695 960 2773 quemadmodum
981 2705 1061 2752 stans

146 2776 314 2854 jumentum
328 2777 514 2834 concalefieri
535 2777 724 2852 exercerique
738 2785 839 2852 posset,
855 2794 912 2852 quo
926 2775 1061 2832 libentIus

148 2865 176 2912 et
199 2855 270 2913 cibo
284 2865 423 2926 uteretur,
438 2865 468 2914 et
492 2873 511 2912 a
532 2858 660 2932 corporis
674 2864 753 2912 motu
775 2873 831 2912 non
852 2865 1059 2912 removeretur.

149 2933 374 3011 substringebat
387 2945 476 3011 caput
490 2935 551 2992 loro
572 2935 659 2992 altius
673 2953 761 3009 quam
780 2943 812 2990 ut
825 2934 968 3010 prioribus
983 2933 1059 3010 pedi·
1082 2935 1100 2987 5
1133 2985 1136 2989 .

149 3013 203 3070 bus
219 3013 307 3089 plone
320 3023 430 3071 terram
444 3023 539 3090 posset
553 3015 711 3089 attIngere5
734 3012 837 3070 deinde
858 3022 920 3089 post
934 3011 1060 3070 verberi-

149 3091 204 3149 bus
218 3093 341 3169 cogebat
355 3092 511 3162 exsultare,
526 3102 555 3150 et
576 3093 673 3150 caloes
694 3093 850 3148 remittere.
892 3091 953 3156 Qui
968 3100 1061 3148 motus

150 3188 206 3227 non
221 3171 318 3228 minus
332 3172 467 3230 sudorem
481 3171 654 3240 excutiebat,
669 3189 757 3246 quam
772 3171 797 3227 si
810 3171 841 3226 in
855 3171 946 3245 spatio
960 3169 1060 3226 decur-

152 3261 238 3308 reret.
260 3250 327 3316 Quo
341 3258 450 3308 tactum
461 3259 513 3319 est,
523 3249 598 3325 quod
612 3250 746 3306 omnibus
757 3248 889 3306 mirabile
901 3258 943 3306 est
954 3249 1059 3316 visum,
1082 3249 1100 3304 ll

153 3337 184 3384 ut
208 3347 291 3404 aeque
316 3329 450 3405 jumenta
474 3329 564 3386 nitida
586 3347 622 3384 ex
647 3328 768 3386 castello
796 3326 941 3397 educeret,
970 3345 1061 3402 quum

152 3408 317 3483 complures
331 3427 445 3465 menses
459 3408 489 3464 in
509 3407 655 3464 obsidione
671 3405 780 3476 fuisset,
797 3407 871 3463 acsi
888 3407 918 3462 in
932 3425 1061 3480 campes-

153 3485 245 3542 tribus
258 3505 294 3544 ea
308 3486 380 3545 loeis
402 3487 560 3544 habuisset.
603 3484 635 3543 In
658 3485 714 3543 hac
728 3483 924 3553 conclusione,
937 3484 1060 3560 quoties
1082 3485 1099 3538 'l

154 3580 280 3639 cumque
294 3565 395 3636 voluit,
412 3574 582 3642 apparatum
596 3574 624 3621 et
645 3564 820 3620 munitiones
834 3563 975 3638 Antigoni
989 3560 1063 3616 alias

154 3641 290 3714 incendit,
314 3644 388 3702 elias
410 3644 534 3721 disjecit.
590 3641 700 3701 Tenuit
724 3651 821 3698 autem
845 3659 876 3696 ee
905 3658 963 3696 uno
990 3637 1062 3706 loco,

155 3721 291 3795 quamdiu
318 3721 373 3780 fuit
395 3723 497 3780 biems.
540 3721 626 3787 Quod
652 3731 782 3779 castrum
804 3717 934 3775 subsidia
956 3714 1063 3771 habere

157 3815 213 3856 non
236 3795 355 3878 poterat,
370 3812 399 3860 et
413 3819 465 3859 ver
480 3800 739 3876 appropinquabat,
753 3795 891 3852 simulata
912 3791 1064 3860 deditione,
