2692 4306
275 373 318 434 as
488 364 595 430 xvir.
641 372 668 441 1,
682 373 713 430 o.
759 363 966 450 (neno)

408 765 579 844 XVII.
630 765 1042 842 AGESILAUS.

236 1082 249 1138 i
311 1077 335 1137 1.
358 1079 523 1155 Agesilaus,
537 1075 773 1148 lacedemonius,
788 1095 880 1154 quum
901 1096 920 1134 a
933 1075 1040 1135 ceteris
1063 1077 1183 1152 scripto·

272 1157 362 1228 ribus,
377 1167 439 1216 tum
454 1158 593 1216 eximiea
620 1156 808 1234 Xenophonte
830 1155 979 1214 Socratico
998 1155 1184 1214 collaudetur

233 1239 252 1292 Β
272 1245 335 1294 eet:
356 1254 391 1294 ec
405 1237 483 1294 enim
498 1253 569 1294 usus
589 1245 633 1294 est
647 1233 883 1292 familiarissime.
925 1233 985 1292 Hic
1005 1234 1132 1311 primum
1146 1233 1183 1292 de

272 1331 362 1391 regno
383 1333 453 1372 cum
476 1313 665 1390 Leotychide,
688 1312 787 1371 fratris
811 1312 881 1382 filio,
903 1312 1006 1370 habuit
1027 1312 1182 1370 contentio·

271 1409 349 1450 nem.
373 1391 438 1450 Mos
451 1403 495 1451 est
509 1391 588 1450 enim
602 1411 620 1450 a
634 1391 792 1468 majoribus
805 1389 1037 1451 Lacedaemcuiis
1050 1390 1182 1461 traditus,

272 1481 305 1528 ut
328 1470 400 1530 duos
424 1471 565 1529 haberent
585 1489 701 1547 semper
725 1489 757 1528 re
811 1471 955 1541 ,nomine
976 1470 1079 1546 tnagis,
1093 1487 1183 1545 qnam

272 1549 401 1626 imperio,
415 1568 453 1608 ex
479 1547 594 1607 duobus
614 1547 733 1607 familiis
771 1548 843 1607 rocli
856 1557 886 1607 et
909 1547 1116 1624 Eurysthenis,
1130 1547 1183 1624 qui

272 1629 417 1706 principes
437 1647 474 1686 ex
489 1627 625 1705 progenie
647 1628 787 1686 Herculis
810 1627 922 1704 Spartae
942 1645 1028 1705 reges
1051 1625 1181 1684 fuerunt.

232 1708 251 1763 8
272 1705 387 1764 Herum
401 1725 438 1764 ex
453 1706 546 1764 altera
559 1706 590 1764 in
604 1704 727 1764 alterius
741 1705 860 1764 familie
873 1705 971 1764 locum
992 1705 1056 1763 lieri
1069 1723 1126 1764 non
1147 1703 1182 1762 li.

271 1785 365 1842 cebet.
407 1784 512 1859 Itaque
536 1793 660 1860 utraque
674 1803 761 1842 suurn
783 1785 925 1843 retinebat
937 1783 1077 1842 ordinem.
1119 1783 1181 1841 Pri-

271 1879 352 1920 mum
366 1863 439 1920 ratio
453 1862 623 1933 habebatur,
634 1863 686 1939 qui
699 1863 845 1921 maximus
858 1872 929 1920 natu
942 1871 1018 1921 esset
1031 1880 1068 1920 ex
1081 1861 1182 1920 liberis

271 1939 400 2016 ejusqui
414 1958 540 2016 regnunt
554 1939 735 1999 decessisset.
771 1941 824 2000 Sin
838 1943 864 2000 is
877 1941 993 1999 virilem
1006 1959 1109 1998 sexum
1123 1959 1182 1998 non

271 2018 444 2094 reliquisset,
459 2027 522 2076 tum
536 2017 727 2095 deligebatur,
742 2021 793 2096 qui
810 2021 958 2098 proximus
971 2028 1047 2078 esset
1067 2019 1181 2096 propin·

231 2099 251 2154 4
271 2097 390 2172 quitata.
434 2095 568 2154 Mortuus
581 2106 646 2156 erat
659 2098 734 2176 Agis
758 2117 819 2169 rex,
835 2097 925 2157 irater
947 2097 1089 2177 Agesilai.
1131 2097 1181 2156 Fi·

271 2175 345 2232 lium
374 2175 532 2252 reliquerat
560 2173 779 2252 Leotychidem,
804 2196 892 2253 quem
919 2177 970 2236 ille
997 2186 1100 2234 natum
1122 2194 1182 2235 non

271 2263 399 2330 ignoret,
414 2252 551 2312 eumdem
575 2256 701 2313 moriens
725 2275 812 2314 suum
837 2275 900 2314 esse
924 2255 1047 2314 dixerat.
1089 2254 1119 2314 ls
1144 2255 1181 2314 de

270 2332 377 2391 honore
391 2333 474 2410 regni
494 2351 564 2392 cum
578 2333 727 2411 Agesilao,
742 2352 795 2392 suo
818 2345 930 2412 patruo,
945 2333 1109 2393 contendit:
1129 2352 1180 2392 ne-

231 2415 327 2489 hque
352 2411 390 2482 id,
405 2411 482 2489 quod
504 2413 613 2490 petivit,
629 2422 801 2471 consecutus
821 2423 876 2471 est.
918 2413 999 2472 Nam
1023 2411 1181 2489 Lysendro

270 2488 460 2568 suffragante,
485 2491 610 2562 homine,
636 2501 668 2550 ut
691 2491 867 2550 ostendimus
888 2509 986 2569 supra,
1008 2489 1127 2550 lactineo
1152 2500 1183 2551 et

270 2569 387 2628 histem
425 2570 505 2628 ribus
518 2579 640 2648 peteme,
655 2570 814 2647 Agesilaus
828 2569 972 2628 antelatus
986 2578 1040 2628 est.

232 2653 247 2708 l
308 2647 347 2706 ll.
401 2650 429 2707 ic
442 2649 619 2724 simulatque
642 2649 756 2726 imperii
776 2649 882 2725 potitus
895 2657 947 2718 est,
962 2648 1106 2726 persuasit
1120 2646 1179 2708 La-

269 2725 461 2796 cedaemoniis,
490 2727 707 2786 mexercitum
736 2728 900 2786 emitterent
922 2727 954 2784 in
980 2727 1095 2797 Asiam,
1119 2727 1180 2786 bel-

269 2803 388 2878 lumque
403 2805 466 2880 regi
481 2803 627 2863 fecerent:
649 2805 764 2876 docens,
774 2806 864 2864 satius
873 2824 937 2864 esse
951 2806 982 2863 in
996 2805 1080 2876 Asia,
1089 2823 1181 2881 quem

269 2882 299 2938 in
314 2880 433 2958 Europe
447 2881 589 2940 dimicari.
631 2883 769 2960 Namque
788 2883 867 2942 fama
880 2884 1002 2954 exierat,
1017 2884 1180 2942 Artaxerx-

269 2979 316 3017 em
337 2978 506 3038 comparere
521 2961 630 3020 classes
655 2961 858 3038 pedestresque
881 2964 1037 3032 exercitus,
1051 2981 1124 3039 quos
1148 2963 1181 3022 in

229 3045 249 3098 2
270 3037 416 3096 Graeciam
429 3040 564 3098 mitteret.
599 3037 677 3098 Dete
690 3050 837 3116 potestate,
851 3051 932 3100 tanta
945 3041 1094 3100 celeritate
1108 3059 1181 3100 usus

268 3127 320 3187 est,
333 3127 364 3176 ut
378 3118 458 3193 prius
471 3119 503 3175 in
515 3118 620 3176 Asiam
634 3137 703 3177 cum
713 3119 803 3196 copiis
816 3121 990 3196 pervenerit,
1002 3139 1090 3197 quam
1105 3119 1181 3196 regii

268 3205 391 3272 satrapae
412 3215 481 3254 eum
504 3197 612 3255 scirent
635 3196 807 3274 proiectum.
848 3197 916 3264 Quo
941 3198 1124 3268 factumest,
1148 3207 1180 3256 ut

228 3279 367 3334 domnos
394 3275 550 3350 imparatos
577 3276 829 3353 imprudentesque
856 3275 1025 3336 offenderet.
1080 3275 1113 3336 Id
1148 3285 1180 3334 nt

268 3353 403 3430 cognovit
417 3353 639 3431 Tissaphernes,
653 3356 705 3432 qui
718 3373 866 3414 summum
880 3356 1036 3433 imperium
1050 3364 1113 3414 tum
1134 3355 1178 3412 in·

267 3441 313 3488 ter
326 3431 477 3508 prefectos
491 3433 615 3492 habebnt
628 3435 732 3510 regios,
747 3433 882 3492 inducias
897 3453 915 3490 e
935 3431 1055 3492 Lacone
1068 3431 1178 3509 petivit,

219 3553 220 3557 ,
267 3510 418 3580 simulans,
432 3529 464 3568 se
488 3510 558 3569 dare
578 3529 705 3588 operam,
721 3521 753 3569 ut
773 3509 1004 3570 Lacedaemoniis
1024 3529 1094 3568 cunt
1107 3529 1178 3588 rege

267 3589 453 3661 conveniret3
486 3607 518 3647 re
543 3600 641 3647 autem
666 3607 735 3648 vern
760 3589 797 3648 cd
824 3591 922 3668 copias
949 3588 1178 3666 comparandae:

227 3669 376 3746 deosque
399 3667 564 3744 impetravit
584 3667 753 3726 trimestres.
794 3667 911 3728 iuravit
930 3677 1029 3726 autem
1043 3677 1177 3744 uterque,

265 3763 300 3804 aa
312 3747 376 3806 eine
389 3745 454 3805 dolo
466 3745 599 3806 inducias
612 3754 864 3805 conservaturum.
906 3745 941 3806 In
964 3764 1024 3823 qua
1044 3745 1177 3823 pactione
