<?xml version="1.0" encoding="UTF-8"?>
<!DOCTYPE html PUBLIC "-//W3C//DTD XHTML 1.0 Transitional//EN"
    "http://www.w3.org/TR/xhtml1/DTD/xhtml1-transitional.dtd">
<html xmlns="http://www.w3.org/1999/xhtml" xml:lang="en" lang="en">
 <head>
  <title>
</title>
<meta http-equiv="Content-Type" content="text/html;charset=utf-8" />
  <meta name='ocr-system' content='tesseract 3.04.00' />
  <meta name='ocr-capabilities' content='ocr_page ocr_carea ocr_par ocr_line ocrx_word'/>
</head>
<body>
  <div class='ocr_page' id='page_1' title='image "./corneliusneposw05nepogoog_0029.png"; bbox 0 0 2692 4306; ppageno 0'>
   <div class='ocr_carea' id='block_1_1' title="bbox 243 377 912 464">
    <p class='ocr_par' dir='ltr' id='par_1_1' title="bbox 243 377 912 464">
     <span class='ocr_line' id='line_1_1' title="bbox 243 377 912 464; baseline 0.003 -20"><span class='ocrx_word' id='word_1_1' title='bbox 243 383 288 444; x_wconf 73' lang='lat'><strong>22</strong></span> <span class='ocrx_word' id='word_1_2' title='bbox 485 377 543 444; x_wconf 87' lang='lat' dir='ltr'><strong>IV.</strong></span> <span class='ocrx_word' id='word_1_3' title='bbox 582 386 657 456; x_wconf 81' lang='lat'><strong>1,2.</strong></span> <span class='ocrx_word' id='word_1_4' title='bbox 693 381 912 464; x_wconf 71' lang='lat' dir='ltr'><strong>(Parmenios.)</strong></span> 
     </span>
    </p>
   </div>
   <div class='ocr_carea' id='block_1_2' title="bbox 396 683 978 768">
    <p class='ocr_par' dir='ltr' id='par_1_2' title="bbox 396 683 978 768">
     <span class='ocr_line' id='line_1_2' title="bbox 396 683 978 768; baseline 0.014 -9"><span class='ocrx_word' id='word_1_5' title='bbox 396 683 477 761; x_wconf 90' lang='lat' dir='ltr'><strong>IV.</strong></span> <span class='ocrx_word' id='word_1_6' title='bbox 538 685 978 768; x_wconf 80' lang='lat' dir='ltr'><strong>PAUSANIAS.</strong></span> 
     </span>
    </p>
   </div>
   <div class='ocr_carea' id='block_1_3' title="bbox 528 1017 841 1078">
    <p class='ocr_par' dir='ltr' id='par_1_3' title="bbox 528 1017 841 1078">
     <span class='ocr_line' id='line_1_3' title="bbox 528 1017 841 1078; baseline 0.007 -2"><span class='ocrx_word' id='word_1_7' title='bbox 528 1017 841 1078; x_wconf 78' lang='lat' dir='ltr'><strong>ARGUMENTUM.</strong></span> 
     </span>
    </p>
   </div>
   <div class='ocr_carea' id='block_1_4' title="bbox 243 1172 1146 1650">
    <p class='ocr_par' dir='ltr' id='par_1_4' title="bbox 243 1172 1146 1650">
     <span class='ocr_line' id='line_1_4' title="bbox 243 1172 1145 1256; baseline 0.002 -24"><span class='ocrx_word' id='word_1_8' title='bbox 243 1172 340 1233; x_wconf 84' lang='grc' dir='ltr'><em>ΟΑΡ.</em></span> <span class='ocrx_word' id='word_1_9' title='bbox 355 1173 382 1232; x_wconf 93' lang='grc' dir='ltr'><strong>Ι.</strong></span> <span class='ocrx_word' id='word_1_10' title='bbox 397 1173 505 1252; x_wconf 86' lang='lat' dir='ltr'><strong>Pugno</strong></span> <span class='ocrx_word' id='word_1_11' title='bbox 519 1177 557 1234; x_wconf 82' lang='lat' dir='ltr'><strong>od</strong></span> <span class='ocrx_word' id='word_1_12' title='bbox 569 1175 706 1235; x_wconf 78' lang='lat' dir='ltr'><strong>Pluteos.</strong></span> <span class='ocrx_word' id='word_1_13' title='bbox 742 1175 787 1235; x_wconf 93' lang='grc' dir='ltr'><strong>ΙΙ.</strong></span> <span class='ocrx_word' id='word_1_14' title='bbox 809 1175 984 1255; x_wconf 72' lang='lat' dir='ltr'><strong>Byzantium</strong></span> <span class='ocrx_word' id='word_1_15' title='bbox 995 1187 1145 1256; x_wconf 76' lang='lat' dir='ltr'><strong>repugnat,</strong></span> 
     </span>
     <span class='ocr_line' id='line_1_5' title="bbox 278 1252 1146 1334; baseline 0.005 -23"><span class='ocrx_word' id='word_1_16' title='bbox 278 1221 467 1332; x_wconf 81' lang='lat' dir='ltr'><strong>Xeroifuuct,</strong></span> <span class='ocrx_word' id='word_1_17' title='bbox 482 1255 866 1334; x_wconf 75' lang='lat' dir='ltr'><strong>Greciofuturusproditor.</strong></span> <span class='ocrx_word' id='word_1_18' title='bbox 900 1254 963 1314; x_wconf 91' lang='grc' dir='ltr'><strong>ΙΙΙ</strong></span> <span class='ocrx_word' id='word_1_19' title='bbox 978 1255 1146 1334; x_wconf 77' lang='lat' dir='ltr'><strong>Peregrimis</strong></span> 
     </span>
     <span class='ocr_line' id='line_1_6' title="bbox 279 1334 1146 1413; baseline 0.005 -23"><span class='ocrx_word' id='word_1_20' title='bbox 279 1334 436 1391; x_wconf 81' lang='lat' dir='ltr'><strong>moribus&#39;</strong></span> <span class='ocrx_word' id='word_1_21' title='bbox 424 1355 484 1410; x_wconf 81' lang='lat' dir='ltr'><strong>epse</strong></span> <span class='ocrx_word' id='word_1_22' title='bbox 507 1355 537 1392; x_wconf 79' lang='lat' dir='ltr'><strong>se</strong></span> <span class='ocrx_word' id='word_1_23' title='bbox 559 1336 665 1413; x_wconf 82' lang='lat' dir='ltr'><em>prodit,</em></span> <span class='ocrx_word' id='word_1_24' title='bbox 689 1335 849 1412; x_wconf 78' lang='lat' dir='ltr'><strong>scytaloque</strong></span> <span class='ocrx_word' id='word_1_25' title='bbox 874 1335 982 1393; x_wconf 85' lang='lat' dir='ltr'><strong>domum</strong></span> <span class='ocrx_word' id='word_1_26' title='bbox 1002 1347 1146 1395; x_wconf 83' lang='lat' dir='ltr'><strong>reuocatus</strong></span> 
     </span>
     <span class='ocr_line' id='line_1_7' title="bbox 279 1411 1146 1474; baseline 0.005 -5"><span class='ocrx_word' id='word_1_27' title='bbox 279 1411 400 1471; x_wconf 81' lang='lat' dir='ltr'><strong>Holotos</strong></span> <span class='ocrx_word' id='word_1_28' title='bbox 421 1414 563 1472; x_wconf 83' lang='lat' dir='ltr'><strong>sollicitat.</strong></span> <span class='ocrx_word' id='word_1_29' title='bbox 605 1414 662 1472; x_wconf 86' lang='lat' dir='ltr'><strong>IV.</strong></span> <span class='ocrx_word' id='word_1_30' title='bbox 688 1414 862 1472; x_wconf 80' lang='lat' dir='ltr'><strong>Litterarum</strong></span> <span class='ocrx_word' id='word_1_31' title='bbox 879 1417 1065 1472; x_wconf 76' lang='lat' dir='ltr'><strong><em>commercium</em></strong></span> <span class='ocrx_word' id='word_1_32' title='bbox 1086 1437 1146 1474; x_wconf 87' lang='lat' dir='ltr'><strong>cum</strong></span> 
     </span>
     <span class='ocr_line' id='line_1_8' title="bbox 278 1492 1145 1572; baseline 0.005 -24"><span class='ocrx_word' id='word_1_33' title='bbox 278 1492 374 1560; x_wconf 54' lang='lat' dir='ltr'><strong>hortu</strong></span> <span class='ocrx_word' id='word_1_34' title='bbox 398 1494 580 1570; x_wconf 80' lang='lat' dir='ltr'><strong>perturbatus</strong></span> <span class='ocrx_word' id='word_1_35' title='bbox 600 1514 631 1552; x_wconf 83' lang='lat' dir='ltr'><strong>se</strong></span> <span class='ocrx_word' id='word_1_36' title='bbox 648 1495 708 1572; x_wconf 80' lang='lat' dir='ltr'><strong>ipsc</strong></span> <span class='ocrx_word' id='word_1_37' title='bbox 727 1494 841 1552; x_wconf 81' lang='lat' dir='ltr'><strong>iudicat.</strong></span> <span class='ocrx_word' id='word_1_38' title='bbox 897 1494 932 1550; x_wconf 90' lang='lat' dir='ltr'><strong>V.</strong></span> <span class='ocrx_word' id='word_1_39' title='bbox 956 1493 993 1551; x_wconf 84' lang='lat' dir='ltr'><strong>In</strong></span> <span class='ocrx_word' id='word_1_40' title='bbox 1012 1494 1145 1552; x_wconf 77' lang='lat' dir='ltr'><strong>Minemoe</strong></span> 
     </span>
     <span class='ocr_line' id='line_1_9' title="bbox 279 1536 1006 1650; baseline 0.006 -23"><span class='ocrx_word' id='word_1_41' title='bbox 279 1536 407 1648; x_wconf 73' lang='lat' dir='ltr'><strong>templium</strong></span> <span class='ocrx_word' id='word_1_42' title='bbox 421 1571 556 1650; x_wconf 80' lang='lat' dir='ltr'><em>confugit,</em></span> <span class='ocrx_word' id='word_1_43' title='bbox 570 1574 611 1631; x_wconf 78' lang='lat' dir='ltr'><strong>itt</strong></span> <span class='ocrx_word' id='word_1_44' title='bbox 624 1573 778 1632; x_wconf 80' lang='lat' dir='ltr'><strong>obstruitur</strong></span> <span class='ocrx_word' id='word_1_45' title='bbox 790 1584 817 1631; x_wconf 82' lang='lat' dir='ltr'><strong>et</strong></span> <span class='ocrx_word' id='word_1_46' title='bbox 829 1593 891 1630; x_wconf 79' lang='lat' dir='ltr'><strong>mou</strong></span> <span class='ocrx_word' id='word_1_47' title='bbox 901 1575 1006 1631; x_wconf 81' lang='lat' dir='ltr'><strong>interit</strong></span> 
     </span>
    </p>
   </div>
   <div class='ocr_carea' id='block_1_5' title="bbox 199 1727 1145 2134">
    <p class='ocr_par' dir='ltr' id='par_1_5' title="bbox 203 1727 1145 1883">
     <span class='ocr_line' id='line_1_10' title="bbox 203 1727 1145 1804; baseline 0.001 -16"><span class='ocrx_word' id='word_1_48' title='bbox 203 1732 216 1788; x_wconf 96' lang='lat' dir='ltr'><strong>l</strong></span> <span class='ocrx_word' id='word_1_49' title='bbox 281 1727 305 1785; x_wconf 93' lang='lat' dir='ltr'><strong>I.</strong></span> <span class='ocrx_word' id='word_1_50' title='bbox 341 1729 513 1800; x_wconf 80' lang='lat' dir='ltr'>Pausanias,</span> <span class='ocrx_word' id='word_1_51' title='bbox 539 1730 787 1800; x_wconf 75' lang='lat' dir='ltr'><strong>Lacedaemonius,</strong></span> <span class='ocrx_word' id='word_1_52' title='bbox 814 1749 936 1804; x_wconf 80' lang='lat' dir='ltr'><strong>magnus</strong></span> <span class='ocrx_word' id='word_1_53' title='bbox 968 1729 1063 1799; x_wconf 89' lang='lat' dir='ltr'><strong>homo,</strong></span> <span class='ocrx_word' id='word_1_54' title='bbox 1091 1731 1145 1789; x_wconf 89' lang='lat' dir='ltr'><strong>sed</strong></span> 
     </span>
     <span class='ocr_line' id='line_1_11' title="bbox 239 1807 1144 1883; baseline 0.006 -22"><span class='ocrx_word' id='word_1_55' title='bbox 239 1807 335 1863; x_wconf 84' lang='lat' dir='ltr'><strong>varius</strong></span> <span class='ocrx_word' id='word_1_56' title='bbox 356 1807 387 1862; x_wconf 92' lang='lat' dir='ltr'><strong>in</strong></span> <span class='ocrx_word' id='word_1_57' title='bbox 408 1809 485 1864; x_wconf 92' lang='lat' dir='ltr'><strong>omni</strong></span> <span class='ocrx_word' id='word_1_58' title='bbox 506 1827 615 1883; x_wconf 88' lang='lat' dir='ltr'><strong>genere</strong></span> <span class='ocrx_word' id='word_1_59' title='bbox 636 1820 704 1864; x_wconf 82' lang='lat' dir='ltr'><strong>vttae</strong></span> <span class='ocrx_word' id='word_1_60' title='bbox 728 1808 789 1865; x_wconf 89' lang='lat' dir='ltr'><strong>suit.</strong></span> <span class='ocrx_word' id='word_1_61' title='bbox 839 1809 915 1864; x_wconf 90' lang='lat' dir='ltr'><strong>Nam</strong></span> <span class='ocrx_word' id='word_1_62' title='bbox 934 1818 966 1864; x_wconf 91' lang='lat' dir='ltr'><strong>ut</strong></span> <span class='ocrx_word' id='word_1_63' title='bbox 992 1807 1144 1866; x_wconf 82' lang='lat' dir='ltr'><strong>virtutibus</strong></span> 
     </span>
    </p>

    <p class='ocr_par' dir='ltr' id='par_1_6' title="bbox 199 1885 1144 2039">
     <span class='ocr_line' id='line_1_12' title="bbox 199 1885 1144 1961; baseline 0 -17"><span class='ocrx_word' id='word_1_64' title='bbox 199 1892 216 1944; x_wconf 82' lang='lat'><strong>2</strong></span> <span class='ocrx_word' id='word_1_65' title='bbox 239 1885 346 1954; x_wconf 69' lang='lat' dir='ltr'><strong>eluxit:</strong></span> <span class='ocrx_word' id='word_1_66' title='bbox 352 1885 396 1941; x_wconf 87' lang='lat' dir='ltr'><strong>sic</strong></span> <span class='ocrx_word' id='word_1_67' title='bbox 411 1885 490 1942; x_wconf 87' lang='lat' dir='ltr'><strong>vitiis</strong></span> <span class='ocrx_word' id='word_1_68' title='bbox 510 1897 555 1942; x_wconf 89' lang='lat' dir='ltr'><strong>est</strong></span> <span class='ocrx_word' id='word_1_69' title='bbox 575 1888 701 1942; x_wconf 87' lang='lat' dir='ltr'><strong>obrutus.</strong></span> <span class='ocrx_word' id='word_1_70' title='bbox 744 1887 839 1961; x_wconf 89' lang='lat' dir='ltr'><strong>Hujus</strong></span> <span class='ocrx_word' id='word_1_71' title='bbox 860 1886 1085 1943; x_wconf 88' lang='lat' dir='ltr'><strong>illustrissimum</strong></span> <span class='ocrx_word' id='word_1_72' title='bbox 1099 1899 1144 1944; x_wconf 90' lang='lat' dir='ltr'><strong>est</strong></span> 
     </span>
     <span class='ocr_line' id='line_1_13' title="bbox 357 1964 1144 2039; baseline 0.005 -20"><span class='ocrx_word' id='word_1_73' title='bbox 357 1964 488 2038; x_wconf 73' lang='lat' dir='ltr'><strong>proelium</strong></span> <span class='ocrx_word' id='word_1_74' title='bbox 503 1965 578 2039; x_wconf 91' lang='lat' dir='ltr'><strong>apud</strong></span> <span class='ocrx_word' id='word_1_75' title='bbox 593 1965 727 2022; x_wconf 82' lang='lat' dir='ltr'><strong>Plataeas.</strong></span> <span class='ocrx_word' id='word_1_76' title='bbox 765 1965 897 2055; x_wconf 85' lang='lat' dir='ltr'><strong>Namque</strong></span> <span class='ocrx_word' id='word_1_77' title='bbox 911 1964 962 2022; x_wconf 90' lang='lat' dir='ltr'><strong>illo</strong></span> <span class='ocrx_word' id='word_1_78' title='bbox 976 1965 1051 2022; x_wconf 84' lang='lat' dir='ltr'><strong>duco</strong></span> <span class='ocrx_word' id='word_1_79' title='bbox 1066 1967 1144 2023; x_wconf 89' lang='lat' dir='ltr'><strong>Mar·</strong></span> 
     </span>
    </p>

    <p class='ocr_par' dir='ltr' id='par_1_7' title="bbox 252 2022 1144 2134">
     <span class='ocr_line' id='line_1_14' title="bbox 252 2022 1144 2134; baseline 0.007 -37"><span class='ocrx_word' id='word_1_80' title='bbox 252 2022 306 2110; x_wconf 46' lang='lat'><strong>,⁴2⁹5</strong></span> <span class='ocrx_word' id='word_1_81' title='bbox 356 2041 469 2112; x_wconf 87' lang='lat' dir='ltr'><strong>deuius,</strong></span> <span class='ocrx_word' id='word_1_82' title='bbox 485 2054 621 2134; x_wconf 37' lang='lat' dir='ltr'><strong>&#39;satrapes</strong></span> <span class='ocrx_word' id='word_1_83' title='bbox 644 2044 752 2120; x_wconf 78' lang='lat' dir='ltr'><strong>regiuS,</strong></span> <span class='ocrx_word' id='word_1_84' title='bbox 779 2043 895 2100; x_wconf 85' lang='lat' dir='ltr'><strong>natione</strong></span> <span class='ocrx_word' id='word_1_85' title='bbox 923 2044 1040 2114; x_wconf 90' lang='lat' dir='ltr'><strong>Medus,</strong></span> <span class='ocrx_word' id='word_1_86' title='bbox 1064 2046 1144 2122; x_wconf 81' lang='lat' dir='ltr'><strong>regis</strong></span> 
     </span>
    </p>
   </div>
   <div class='ocr_carea' id='block_1_6' title="bbox 234 2121 1144 2437">
    <p class='ocr_par' dir='ltr' id='par_1_8' title="bbox 234 2121 1144 2210">
     <span class='ocr_line' id='line_1_15' title="bbox 234 2121 1144 2210; baseline 0.008 -34"><span class='ocrx_word' id='word_1_87' title='bbox 234 2122 318 2210; x_wconf 44' lang='grc' dir='ltr'><strong>ἔξω</strong></span> <span class='ocrx_word' id='word_1_88' title='bbox 356 2139 455 2196; x_wconf 86' lang='lat' dir='ltr'><strong>gener,</strong></span> <span class='ocrx_word' id='word_1_89' title='bbox 482 2121 513 2179; x_wconf 91' lang='lat' dir='ltr'><strong>in</strong></span> <span class='ocrx_word' id='word_1_90' title='bbox 536 2122 636 2198; x_wconf 86' lang='lat' dir='ltr'><strong>primis</strong></span> <span class='ocrx_word' id='word_1_91' title='bbox 664 2123 790 2180; x_wconf 90' lang='lat' dir='ltr'><strong>omnium</strong></span> <span class='ocrx_word' id='word_1_92' title='bbox 819 2123 974 2180; x_wconf 81' lang='lat' dir='ltr'><strong>Persarum</strong></span> <span class='ocrx_word' id='word_1_93' title='bbox 1001 2133 1031 2182; x_wconf 90' lang='lat' dir='ltr'><strong>et</strong></span> <span class='ocrx_word' id='word_1_94' title='bbox 1057 2143 1144 2183; x_wconf 89' lang='lat' dir='ltr'><strong>manu</strong></span> 
     </span>
    </p>

    <p class='ocr_par' dir='ltr' id='par_1_9' title="bbox 236 2199 1144 2437">
     <span class='ocr_line' id='line_1_16' title="bbox 356 2199 1143 2278; baseline 0.006 -22"><span class='ocrx_word' id='word_1_95' title='bbox 356 2199 437 2257; x_wconf 89' lang='lat' dir='ltr'><strong>sortis</strong></span> <span class='ocrx_word' id='word_1_96' title='bbox 463 2211 492 2258; x_wconf 89' lang='lat' dir='ltr'><strong>et</strong></span> <span class='ocrx_word' id='word_1_97' title='bbox 511 2202 628 2260; x_wconf 89' lang='lat' dir='ltr'><strong>consilii</strong></span> <span class='ocrx_word' id='word_1_98' title='bbox 650 2203 764 2278; x_wconf 88' lang='lat' dir='ltr'><strong>plenus,</strong></span> <span class='ocrx_word' id='word_1_99' title='bbox 786 2221 852 2260; x_wconf 87' lang='lat' dir='ltr'><strong>cum</strong></span> <span class='ocrx_word' id='word_1_100' title='bbox 872 2202 1005 2260; x_wconf 91' lang='lat' dir='ltr'><strong>ducentis</strong></span> <span class='ocrx_word' id='word_1_101' title='bbox 1026 2203 1143 2262; x_wconf 89' lang='lat' dir='ltr'><strong>milibus</strong></span> 
     </span>
     <span class='ocr_line' id='line_1_17' title="bbox 236 2279 1144 2359; baseline 0.006 -23"><span class='ocrx_word' id='word_1_102' title='bbox 236 2279 373 2356; x_wconf 88' lang='lat' dir='ltr'><strong>peditum,</strong></span> <span class='ocrx_word' id='word_1_103' title='bbox 386 2299 458 2354; x_wconf 91' lang='lat' dir='ltr'><strong>quos</strong></span> <span class='ocrx_word' id='word_1_104' title='bbox 472 2280 579 2338; x_wconf 88' lang='lat' dir='ltr'><strong>viritim</strong></span> <span class='ocrx_word' id='word_1_105' title='bbox 598 2282 719 2358; x_wconf 83' lang='lat' dir='ltr'>legerat,</span> <span class='ocrx_word' id='word_1_106' title='bbox 734 2292 763 2338; x_wconf 90' lang='lat' dir='ltr'><strong>et</strong></span> <span class='ocrx_word' id='word_1_107' title='bbox 775 2280 879 2358; x_wconf 83' lang='lat' dir='ltr'><strong>viginti</strong></span> <span class='ocrx_word' id='word_1_108' title='bbox 903 2282 1044 2359; x_wconf 88' lang='lat' dir='ltr'><strong>[milibus]</strong></span> <span class='ocrx_word' id='word_1_109' title='bbox 1064 2283 1144 2358; x_wconf 91' lang='lat' dir='ltr'><strong>equi·</strong></span> 
     </span>
     <span class='ocr_line' id='line_1_18' title="bbox 236 2359 1143 2437; baseline 0.004 -21"><span class='ocrx_word' id='word_1_110' title='bbox 236 2371 303 2429; x_wconf 91' lang='lat' dir='ltr'><strong>tum,</strong></span> <span class='ocrx_word' id='word_1_111' title='bbox 318 2359 395 2416; x_wconf 91' lang='lat' dir='ltr'><strong>haud</strong></span> <span class='ocrx_word' id='word_1_112' title='bbox 415 2359 455 2417; x_wconf 87' lang='lat' dir='ltr'><strong>ita</strong></span> <span class='ocrx_word' id='word_1_113' title='bbox 474 2379 579 2437; x_wconf 87' lang='lat' dir='ltr'><strong>magna</strong></span> <span class='ocrx_word' id='word_1_114' title='bbox 598 2379 685 2418; x_wconf 89' lang='lat' dir='ltr'><strong>manu</strong></span> <span class='ocrx_word' id='word_1_115' title='bbox 706 2360 828 2418; x_wconf 80' lang='lat' dir='ltr'><strong>Graeciae</strong></span> <span class='ocrx_word' id='word_1_116' title='bbox 843 2360 957 2437; x_wconf 79' lang='lat' dir='ltr'><strong>fugatus</strong></span> <span class='ocrx_word' id='word_1_117' title='bbox 979 2372 1033 2431; x_wconf 86' lang='lat' dir='ltr'><strong>est,</strong></span> <span class='ocrx_word' id='word_1_118' title='bbox 1051 2381 1143 2436; x_wconf 87' lang='lat' dir='ltr'><strong>eoquo</strong></span> 
     </span>
    </p>
   </div>
   <div class='ocr_carea' id='block_1_7' title="bbox 130 2438 1143 2518">
    <p class='ocr_par' dir='ltr' id='par_1_10' title="bbox 130 2438 1143 2518">
     <span class='ocr_line' id='line_1_19' title="bbox 130 2438 1143 2518; baseline 0.002 -22"><span class='ocrx_word' id='word_1_119' title='bbox 130 2499 140 2518; x_wconf 47' lang='lat'><strong><em>¹</em></strong></span> <span class='ocrx_word' id='word_1_120' title='bbox 198 2443 215 2496; x_wconf 87' lang='grc'><strong>3</strong></span> <span class='ocrx_word' id='word_1_121' title='bbox 236 2440 301 2515; x_wconf 87' lang='lat' dir='ltr'><strong>ipse</strong></span> <span class='ocrx_word' id='word_1_122' title='bbox 324 2438 381 2496; x_wconf 86' lang='lat' dir='ltr'><strong>dux</strong></span> <span class='ocrx_word' id='word_1_123' title='bbox 404 2439 512 2497; x_wconf 84' lang='lat' dir='ltr'><strong>cecidit</strong></span> <span class='ocrx_word' id='word_1_124' title='bbox 531 2441 643 2517; x_wconf 87' lang='lat' dir='ltr'><strong>proelio.</strong></span> <span class='ocrx_word' id='word_1_125' title='bbox 685 2441 752 2507; x_wconf 88' lang='lat' dir='ltr'><strong>Qua</strong></span> <span class='ocrx_word' id='word_1_126' title='bbox 764 2440 887 2498; x_wconf 83' lang='lat' dir='ltr'><strong>victoria</strong></span> <span class='ocrx_word' id='word_1_127' title='bbox 907 2441 1000 2497; x_wconf 85' lang='lat' dir='ltr'><strong>elatus</strong></span> <span class='ocrx_word' id='word_1_128' title='bbox 1021 2442 1143 2516; x_wconf 88' lang='lat' dir='ltr'><strong>plurima</strong></span> 
     </span>
    </p>
   </div>
   <div class='ocr_carea' id='block_1_8' title="bbox 195 2519 1144 3858">
    <p class='ocr_par' dir='ltr' id='par_1_11' title="bbox 237 2519 1144 2597">
     <span class='ocr_line' id='line_1_20' title="bbox 237 2519 1144 2597; baseline 0.002 -21"><span class='ocrx_word' id='word_1_129' title='bbox 237 2520 361 2576; x_wconf 87' lang='lat' dir='ltr'><strong>miscere</strong></span> <span class='ocrx_word' id='word_1_130' title='bbox 378 2519 473 2595; x_wconf 82' lang='lat' dir='ltr'><strong>coepit,</strong></span> <span class='ocrx_word' id='word_1_131' title='bbox 488 2530 518 2577; x_wconf 86' lang='lat' dir='ltr'><strong>ot</strong></span> <span class='ocrx_word' id='word_1_132' title='bbox 529 2521 639 2597; x_wconf 87' lang='lat' dir='ltr'><strong>majore</strong></span> <span class='ocrx_word' id='word_1_133' title='bbox 653 2519 872 2596; x_wconf 82' lang='lat' dir='ltr'><strong>concupiscere</strong></span> <span class='ocrx_word' id='word_1_134' title='bbox 906 2519 967 2577; x_wconf 87' lang='lat' dir='ltr'><strong>Sed</strong></span> <span class='ocrx_word' id='word_1_135' title='bbox 980 2521 1102 2596; x_wconf 88' lang='lat' dir='ltr'><strong>primum</strong></span> <span class='ocrx_word' id='word_1_136' title='bbox 1113 2519 1144 2578; x_wconf 92' lang='lat' dir='ltr'><strong>in</strong></span> 
     </span>
    </p>

    <p class='ocr_par' dir='ltr' id='par_1_12' title="bbox 237 2598 1143 2690">
     <span class='ocr_line' id='line_1_21' title="bbox 237 2598 1143 2690; baseline 0.001 -35"><span class='ocrx_word' id='word_1_137' title='bbox 237 2617 273 2656; x_wconf 92' lang='lat' dir='ltr'><strong>eo</strong></span> <span class='ocrx_word' id='word_1_138' title='bbox 295 2609 341 2656; x_wconf 89' lang='lat' dir='ltr'><strong>est</strong></span> <span class='ocrx_word' id='word_1_139' title='bbox 360 2599 565 2674; x_wconf 88' lang='lat' dir='ltr'><strong>reprehensus,</strong></span> <span class='ocrx_word' id='word_1_140' title='bbox 584 2600 660 2674; x_wconf 92' lang='lat' dir='ltr'><strong>quod</strong></span> <span class='ocrx_word' id='word_1_141' title='bbox 683 2619 720 2658; x_wconf 86' lang='lat' dir='ltr'><strong>ex</strong></span> <span class='ocrx_word' id='word_1_142' title='bbox 742 2600 839 2675; x_wconf 87' lang='lat' dir='ltr'><strong>praeda</strong></span> <span class='ocrx_word' id='word_1_143' title='bbox 859 2598 1001 2690; x_wconf 77' lang='lat' dir='ltr'><strong>tripodem</strong></span> <span class='ocrx_word' id='word_1_144' title='bbox 1026 2619 1143 2657; x_wconf 89' lang='lat' dir='ltr'><strong>aureum</strong></span> 
     </span>
    </p>

    <p class='ocr_par' dir='ltr' id='par_1_13' title="bbox 238 2677 1142 2764">
     <span class='ocr_line' id='line_1_22' title="bbox 238 2677 1142 2764; baseline 0.001 -29"><span class='ocrx_word' id='word_1_145' title='bbox 238 2677 361 2764; x_wconf 83' lang='lat' dir='ltr'><strong>Delphis</strong></span> <span class='ocrx_word' id='word_1_146' title='bbox 376 2678 532 2750; x_wconf 79' lang='lat' dir='ltr'><strong>posuisset,</strong></span> <span class='ocrx_word' id='word_1_147' title='bbox 547 2679 752 2754; x_wconf 86' lang='lat' dir='ltr'><strong>epigrammate</strong></span> <span class='ocrx_word' id='word_1_148' title='bbox 764 2679 881 2755; x_wconf 84' lang='lat' dir='ltr'><strong>scripte,</strong></span> <span class='ocrx_word' id='word_1_149' title='bbox 893 2680 924 2736; x_wconf 92' lang='lat' dir='ltr'><strong>in</strong></span> <span class='ocrx_word' id='word_1_150' title='bbox 937 2697 993 2754; x_wconf 94' lang='lat' dir='ltr'><strong>quo</strong></span> <span class='ocrx_word' id='word_1_151' title='bbox 1008 2691 1069 2736; x_wconf 86' lang='lat' dir='ltr'><strong>erat</strong></span> <span class='ocrx_word' id='word_1_152' title='bbox 1079 2677 1142 2736; x_wconf 82' lang='lat' dir='ltr'><strong>haec</strong></span> 
     </span>
    </p>

    <p class='ocr_par' dir='ltr' id='par_1_14' title="bbox 236 2754 1142 2834">
     <span class='ocr_line' id='line_1_23' title="bbox 236 2754 1142 2834; baseline 0.002 -22"><span class='ocrx_word' id='word_1_153' title='bbox 236 2754 396 2812; x_wconf 87' lang='lat' dir='ltr'><strong>sententia:</strong></span> <span class='ocrx_word' id='word_1_154' title='bbox 414 2771 466 2810; x_wconf 87' lang='lat' dir='ltr'><strong>suo</strong></span> <span class='ocrx_word' id='word_1_155' title='bbox 476 2755 564 2812; x_wconf 88' lang='lat' dir='ltr'><strong>ductu</strong></span> <span class='ocrx_word' id='word_1_156' title='bbox 574 2759 709 2814; x_wconf 88' lang='lat' dir='ltr'><strong>barbaros</strong></span> <span class='ocrx_word' id='word_1_157' title='bbox 719 2759 794 2834; x_wconf 90' lang='lat' dir='ltr'><strong>apud</strong></span> <span class='ocrx_word' id='word_1_158' title='bbox 805 2759 929 2816; x_wconf 87' lang='lat' dir='ltr'><strong>Plataeas</strong></span> <span class='ocrx_word' id='word_1_159' title='bbox 941 2777 1008 2815; x_wconf 90' lang='lat' dir='ltr'><strong>esse</strong></span> <span class='ocrx_word' id='word_1_160' title='bbox 1020 2759 1142 2829; x_wconf 86' lang='lat' dir='ltr'><strong>deletos,</strong></span> 
     </span>
    </p>

    <p class='ocr_par' dir='ltr' id='par_1_15' title="bbox 197 2832 1142 2912">
     <span class='ocr_line' id='line_1_24' title="bbox 197 2832 1142 2912; baseline 0 -20"><span class='ocrx_word' id='word_1_161' title='bbox 197 2839 215 2892; x_wconf 83' lang='lat'>4</span> <span class='ocrx_word' id='word_1_162' title='bbox 237 2853 355 2912; x_wconf 69' lang='lat' dir='ltr'><strong>ejusque</strong></span> <span class='ocrx_word' id='word_1_163' title='bbox 379 2832 508 2890; x_wconf 74' lang='lat' dir='ltr'><strong>victoriae</strong></span> <span class='ocrx_word' id='word_1_164' title='bbox 529 2851 599 2908; x_wconf 86' lang='lat' dir='ltr'><strong>ergo</strong></span> <span class='ocrx_word' id='word_1_165' title='bbox 624 2836 753 2909; x_wconf 88' lang='lat' dir='ltr'><strong>Apollini</strong></span> <span class='ocrx_word' id='word_1_166' title='bbox 777 2837 883 2892; x_wconf 89' lang='lat' dir='ltr'><strong>donum</strong></span> <span class='ocrx_word' id='word_1_167' title='bbox 905 2836 1035 2892; x_wconf 89' lang='lat' dir='ltr'><strong>dedisse</strong></span> <span class='ocrx_word' id='word_1_168' title='bbox 1077 2836 1142 2893; x_wconf 89' lang='lat' dir='ltr'><strong>Hos</strong></span> 
     </span>
    </p>

    <p class='ocr_par' dir='ltr' id='par_1_16' title="bbox 235 2911 1142 3002">
     <span class='ocr_line' id='line_1_25' title="bbox 235 2911 1142 3002; baseline 0.003 -34"><span class='ocrx_word' id='word_1_169' title='bbox 235 2932 338 2970; x_wconf 85' lang='lat' dir='ltr'><strong>versus</strong></span> <span class='ocrx_word' id='word_1_170' title='bbox 354 2911 568 2969; x_wconf 82' lang='lat' dir='ltr'><strong>Lacedaemonii</strong></span> <span class='ocrx_word' id='word_1_171' title='bbox 579 2914 809 3002; x_wconf 83' lang='lat' dir='ltr'><strong>exsculpserunt,</strong></span> <span class='ocrx_word' id='word_1_172' title='bbox 820 2931 915 2987; x_wconf 91' lang='lat' dir='ltr'><strong>neque</strong></span> <span class='ocrx_word' id='word_1_173' title='bbox 927 2913 1005 2969; x_wconf 89' lang='lat' dir='ltr'><strong>aliud</strong></span> <span class='ocrx_word' id='word_1_174' title='bbox 1016 2913 1142 2989; x_wconf 85' lang='lat' dir='ltr'><strong>scripse·</strong></span> 
     </span>
    </p>

    <p class='ocr_par' dir='ltr' id='par_1_17' title="bbox 236 2991 1142 3128">
     <span class='ocr_line' id='line_1_26' title="bbox 236 2991 1142 3066; baseline 0 -17"><span class='ocrx_word' id='word_1_175' title='bbox 236 3002 308 3062; x_wconf 90' lang='lat' dir='ltr'><strong>runt,</strong></span> <span class='ocrx_word' id='word_1_176' title='bbox 331 3009 415 3066; x_wconf 88' lang='lat' dir='ltr'><strong>quam</strong></span> <span class='ocrx_word' id='word_1_177' title='bbox 438 2991 555 3048; x_wconf 77' lang='lat' dir='ltr'><strong>nonina</strong></span> <span class='ocrx_word' id='word_1_178' title='bbox 583 3009 682 3048; x_wconf 85' lang='lat' dir='ltr'><strong>earum</strong></span> <span class='ocrx_word' id='word_1_179' title='bbox 708 2991 864 3061; x_wconf 86' lang='lat' dir='ltr'><strong>civitatum,</strong></span> <span class='ocrx_word' id='word_1_180' title='bbox 887 3008 1007 3065; x_wconf 89' lang='lat' dir='ltr'><strong>quarum</strong></span> <span class='ocrx_word' id='word_1_181' title='bbox 1033 2993 1142 3049; x_wconf 87' lang='lat' dir='ltr'><strong>auxilio</strong></span> 
     </span>
     <span class='ocr_line' id='line_1_27' title="bbox 237 3069 523 3128; baseline -0.007 0"><span class='ocrx_word' id='word_1_182' title='bbox 237 3072 335 3128; x_wconf 85' lang='lat' dir='ltr'><strong>Persae</strong></span> <span class='ocrx_word' id='word_1_183' title='bbox 350 3079 431 3127; x_wconf 85' lang='lat' dir='ltr'><strong>erant</strong></span> <span class='ocrx_word' id='word_1_184' title='bbox 443 3069 523 3127; x_wconf 88' lang='lat' dir='ltr'><strong>victi.</strong></span> 
     </span>
    </p>

    <p class='ocr_par' dir='ltr' id='par_1_18' title="bbox 198 3147 1140 3225">
     <span class='ocr_line' id='line_1_28' title="bbox 198 3147 1140 3225; baseline -0.001 -18"><span class='ocrx_word' id='word_1_185' title='bbox 198 3155 208 3207; x_wconf 91' lang='lat' dir='ltr'><strong>l</strong></span> <span class='ocrx_word' id='word_1_186' title='bbox 275 3149 316 3207; x_wconf 91' lang='lat' dir='ltr'><strong>ll.</strong></span> <span class='ocrx_word' id='word_1_187' title='bbox 339 3149 410 3206; x_wconf 91' lang='lat' dir='ltr'><strong>Post</strong></span> <span class='ocrx_word' id='word_1_188' title='bbox 423 3148 453 3205; x_wconf 92' lang='lat' dir='ltr'><strong>id</strong></span> <span class='ocrx_word' id='word_1_189' title='bbox 467 3149 599 3225; x_wconf 89' lang='lat' dir='ltr'><strong>proelium</strong></span> <span class='ocrx_word' id='word_1_190' title='bbox 620 3149 753 3206; x_wconf 86' lang='lat' dir='ltr'><strong>eumdem</strong></span> <span class='ocrx_word' id='word_1_191' title='bbox 774 3147 949 3206; x_wconf 78' lang='lat' dir='ltr'><strong>Pausaniam</strong></span> <span class='ocrx_word' id='word_1_192' title='bbox 964 3167 1030 3205; x_wconf 90' lang='lat' dir='ltr'><strong>cum</strong></span> <span class='ocrx_word' id='word_1_193' title='bbox 1043 3147 1140 3206; x_wconf 87' lang='lat' dir='ltr'><strong>classe</strong></span> 
     </span>
    </p>

    <p class='ocr_par' dir='ltr' id='par_1_19' title="bbox 256 3227 1140 3305">
     <span class='ocr_line' id='line_1_29' title="bbox 256 3227 1140 3305; baseline -0.001 -21"><span class='ocrx_word' id='word_1_194' title='bbox 256 3253 294 3292; x_wconf 84' lang='lat' dir='ltr'><strong>ur</strong></span> <span class='ocrx_word' id='word_1_195' title='bbox 354 3228 498 3285; x_wconf 89' lang='lat' dir='ltr'><strong>communi</strong></span> <span class='ocrx_word' id='word_1_196' title='bbox 513 3229 641 3305; x_wconf 86' lang='lat' dir='ltr'><strong>Cyprum</strong></span> <span class='ocrx_word' id='word_1_197' title='bbox 655 3239 739 3304; x_wconf 83' lang='lat' dir='ltr'><strong>atque</strong></span> <span class='ocrx_word' id='word_1_198' title='bbox 754 3227 979 3303; x_wconf 89' lang='lat' dir='ltr'><strong>Hellespontum</strong></span> <span class='ocrx_word' id='word_1_199' title='bbox 991 3227 1140 3298; x_wconf 88' lang='lat' dir='ltr'><strong>miserunt,</strong></span> 
     </span>
    </p>

    <p class='ocr_par' dir='ltr' id='par_1_20' title="bbox 232 3303 1141 3384">
     <span class='ocr_line' id='line_1_30' title="bbox 232 3303 1141 3384; baseline 0 -22"><span class='ocrx_word' id='word_1_200' title='bbox 232 3314 252 3350; x_wconf 66' lang='lat' dir='ltr'><strong>t·</strong></span> <span class='ocrx_word' id='word_1_201' title='bbox 261 3303 285 3343; x_wconf 64' lang='grc' dir='ltr'><strong>θ·</strong></span> <span class='ocrx_word' id='word_1_202' title='bbox 294 3314 315 3342; x_wconf 74' lang='grc'><strong>“·</strong></span> <span class='ocrx_word' id='word_1_203' title='bbox 352 3316 384 3362; x_wconf 88' lang='lat' dir='ltr'><strong>ut</strong></span> <span class='ocrx_word' id='word_1_204' title='bbox 398 3325 436 3363; x_wconf 87' lang='lat' dir='ltr'><strong>ex</strong></span> <span class='ocrx_word' id='word_1_205' title='bbox 448 3306 496 3364; x_wconf 89' lang='lat' dir='ltr'><strong>his</strong></span> <span class='ocrx_word' id='word_1_206' title='bbox 510 3309 676 3384; x_wconf 84' lang='lat' dir='ltr'><strong>regionibus</strong></span> <span class='ocrx_word' id='word_1_207' title='bbox 697 3308 879 3366; x_wconf 81' lang='lat' dir='ltr'><strong>barbarorum</strong></span> <span class='ocrx_word' id='word_1_208' title='bbox 892 3305 1028 3382; x_wconf 85' lang='lat' dir='ltr'><strong>praesidia</strong></span> <span class='ocrx_word' id='word_1_209' title='bbox 1042 3305 1141 3381; x_wconf 89' lang='lat' dir='ltr'><strong>depel-</strong></span> 
     </span>
    </p>

    <p class='ocr_par' dir='ltr' id='par_1_21' title="bbox 195 3385 1140 3461">
     <span class='ocr_line' id='line_1_31' title="bbox 195 3385 1140 3461; baseline -0.001 -19"><span class='ocrx_word' id='word_1_210' title='bbox 195 3389 213 3442; x_wconf 76' lang='lat'>2</span> <span class='ocrx_word' id='word_1_211' title='bbox 234 3386 316 3442; x_wconf 89' lang='lat' dir='ltr'><strong>leret.</strong></span> <span class='ocrx_word' id='word_1_212' title='bbox 359 3385 428 3442; x_wconf 88' lang='lat' dir='ltr'><strong>Pari</strong></span> <span class='ocrx_word' id='word_1_213' title='bbox 443 3386 615 3444; x_wconf 82' lang='lat' dir='ltr'><strong>felicitato&#39;</strong></span> <span class='ocrx_word' id='word_1_214' title='bbox 607 3402 646 3446; x_wconf 79' lang='grc' dir='ltr'><strong>ιι</strong></span> <span class='ocrx_word' id='word_1_215' title='bbox 659 3406 695 3444; x_wconf 88' lang='lat' dir='ltr'><strong>ea</strong></span> <span class='ocrx_word' id='word_1_216' title='bbox 716 3405 748 3444; x_wconf 90' lang='lat' dir='ltr'><strong>re</strong></span> <span class='ocrx_word' id='word_1_217' title='bbox 768 3404 839 3444; x_wconf 87' lang='lat' dir='ltr'><strong>usus</strong></span> <span class='ocrx_word' id='word_1_218' title='bbox 862 3385 966 3443; x_wconf 87' lang='lat' dir='ltr'><strong>elatius</strong></span> <span class='ocrx_word' id='word_1_219' title='bbox 988 3405 1022 3442; x_wconf 86' lang='lat' dir='ltr'><strong>se</strong></span> <span class='ocrx_word' id='word_1_220' title='bbox 1038 3403 1140 3461; x_wconf 87' lang='lat' dir='ltr'><strong>gerere</strong></span> 
     </span>
    </p>

    <p class='ocr_par' dir='ltr' id='par_1_22' title="bbox 235 3463 1140 3542">
     <span class='ocr_line' id='line_1_32' title="bbox 235 3463 1140 3542; baseline 0.001 -23"><span class='ocrx_word' id='word_1_221' title='bbox 235 3463 330 3539; x_wconf 86' lang='lat' dir='ltr'><strong>coepit,</strong></span> <span class='ocrx_word' id='word_1_222' title='bbox 345 3465 526 3540; x_wconf 84' lang='lat' dir='ltr'><strong>majoresque</strong></span> <span class='ocrx_word' id='word_1_223' title='bbox 548 3477 684 3542; x_wconf 87' lang='lat' dir='ltr'><strong>appetere</strong></span> <span class='ocrx_word' id='word_1_224' title='bbox 698 3485 756 3524; x_wconf 91' lang='lat' dir='ltr'><strong>res.</strong></span> <span class='ocrx_word' id='word_1_225' title='bbox 797 3465 875 3522; x_wconf 86' lang='lat' dir='ltr'><strong>Nam</strong></span> <span class='ocrx_word' id='word_1_226' title='bbox 888 3483 983 3540; x_wconf 90' lang='lat' dir='ltr'><strong>quum,</strong></span> <span class='ocrx_word' id='word_1_227' title='bbox 998 3463 1140 3540; x_wconf 87' lang='lat' dir='ltr'><strong>Byzantio</strong></span> 
     </span>
    </p>

    <p class='ocr_par' dir='ltr' id='par_1_23' title="bbox 235 3544 1139 3632">
     <span class='ocr_line' id='line_1_33' title="bbox 235 3544 1139 3632; baseline 0 -32"><span class='ocrx_word' id='word_1_228' title='bbox 235 3553 407 3619; x_wconf 86' lang='lat' dir='ltr'><strong>expugnato,</strong></span> <span class='ocrx_word' id='word_1_229' title='bbox 422 3546 552 3620; x_wconf 84' lang='lat' dir='ltr'><strong>cepisset</strong></span> <span class='ocrx_word' id='word_1_230' title='bbox 566 3546 729 3622; x_wconf 87' lang='lat' dir='ltr'><strong>complures</strong></span> <span class='ocrx_word' id='word_1_231' title='bbox 749 3545 904 3603; x_wconf 86' lang='lat' dir='ltr'><strong>Persarum</strong></span> <span class='ocrx_word' id='word_1_232' title='bbox 916 3544 1040 3614; x_wconf 85' lang='lat' dir='ltr'><strong>nobiles,</strong></span> <span class='ocrx_word' id='word_1_233' title='bbox 1055 3553 1139 3632; x_wconf 84' lang='lat' dir='ltr'><strong>atquo</strong></span> 
     </span>
    </p>

    <p class='ocr_par' dir='ltr' id='par_1_24' title="bbox 234 3621 1140 3701">
     <span class='ocr_line' id='line_1_34' title="bbox 234 3621 1140 3701; baseline 0.001 -23.052"><span class='ocrx_word' id='word_1_234' title='bbox 234 3621 325 3679; x_wconf 83' lang='lat' dir='ltr'><strong>ruhis</strong></span> <span class='ocrx_word' id='word_1_235' title='bbox 338 3624 493 3682; x_wconf 89' lang='lat' dir='ltr'><strong>nonnullos</strong></span> <span class='ocrx_word' id='word_1_236' title='bbox 507 3625 586 3701; x_wconf 84' lang='lat' dir='ltr'><strong>regis</strong></span> <span class='ocrx_word' id='word_1_237' title='bbox 600 3625 785 3700; x_wconf 85' lang='lat' dir='ltr'><strong>propinquos,</strong></span> <span class='ocrx_word' id='word_1_238' title='bbox 794 3622 848 3680; x_wconf 91' lang='lat' dir='ltr'><strong>hos</strong></span> <span class='ocrx_word' id='word_1_239' title='bbox 863 3623 939 3680; x_wconf 87' lang='lat' dir='ltr'><strong>clam</strong></span> <span class='ocrx_word' id='word_1_240' title='bbox 953 3622 1046 3680; x_wconf 82' lang='lat' dir='ltr'><strong>Xerxi</strong></span> <span class='ocrx_word' id='word_1_241' title='bbox 1055 3623 1140 3679; x_wconf 86' lang='lat' dir='ltr'><strong>remi-</strong></span> 
     </span>
    </p>

    <p class='ocr_par' dir='ltr' id='par_1_25' title="bbox 233 3700 1138 3792">
     <span class='ocr_line' id='line_1_35' title="bbox 233 3700 1138 3792; baseline -0.001 -34"><span class='ocrx_word' id='word_1_242' title='bbox 233 3701 281 3771; x_wconf 88' lang='lat' dir='ltr'><strong>sit,</strong></span> <span class='ocrx_word' id='word_1_243' title='bbox 296 3701 445 3772; x_wconf 86' lang='lat' dir='ltr'><strong>simulans,</strong></span> <span class='ocrx_word' id='word_1_244' title='bbox 461 3722 499 3761; x_wconf 88' lang='lat' dir='ltr'><strong>ex</strong></span> <span class='ocrx_word' id='word_1_245' title='bbox 511 3704 635 3762; x_wconf 84' lang='lat' dir='ltr'><strong>vinculis</strong></span> <span class='ocrx_word' id='word_1_246' title='bbox 650 3703 775 3780; x_wconf 88' lang='lat' dir='ltr'><strong>publicis</strong></span> <span class='ocrx_word' id='word_1_247' title='bbox 790 3701 948 3792; x_wconf 78' lang='lat' dir='ltr'><strong>effugisse;</strong></span> <span class='ocrx_word' id='word_1_248' title='bbox 970 3712 999 3759; x_wconf 91' lang='lat' dir='ltr'><strong>et</strong></span> <span class='ocrx_word' id='word_1_249' title='bbox 1013 3721 1079 3759; x_wconf 90' lang='lat' dir='ltr'><strong>cum</strong></span> <span class='ocrx_word' id='word_1_250' title='bbox 1091 3700 1138 3758; x_wconf 89' lang='lat' dir='ltr'><strong>his</strong></span> 
     </span>
    </p>

    <p class='ocr_par' dir='ltr' id='par_1_26' title="bbox 235 3745 1138 3858">
     <span class='ocr_line' id='line_1_36' title="bbox 235 3745 1138 3858; baseline 0 -20"><span class='ocrx_word' id='word_1_251' title='bbox 235 3745 402 3856; x_wconf 76' lang='lat' dir='ltr'><strong>Gdngylum</strong></span> <span class='ocrx_word' id='word_1_252' title='bbox 424 3781 633 3853; x_wconf 89' lang='lat' dir='ltr'><strong>Eretriensem,</strong></span> <span class='ocrx_word' id='word_1_253' title='bbox 655 3783 704 3858; x_wconf 91' lang='lat' dir='ltr'><strong>qui</strong></span> <span class='ocrx_word' id='word_1_254' title='bbox 725 3782 835 3840; x_wconf 85' lang='lat' dir='ltr'><strong>litteras</strong></span> <span class='ocrx_word' id='word_1_255' title='bbox 860 3781 924 3858; x_wconf 85' lang='lat' dir='ltr'><strong>regi</strong></span> <span class='ocrx_word' id='word_1_256' title='bbox 944 3779 1138 3850; x_wconf 65' lang='lat' dir='ltr'><strong>redderetur</strong></span> 
     </span>
    </p>
   </div>
   <div class='ocr_carea' id='block_1_9' title="bbox 0 0 1350 4306">
    <p class='ocr_par' dir='ltr' id='par_1_27' title="bbox 0 0 1350 4306">
     <span class='ocr_line' id='line_1_37' title="bbox 0 0 1350 4306; baseline 0 3"><span class='ocrx_word' id='word_1_257' title='bbox 0 0 1350 4306; x_wconf 95' lang='lat' dir='ltr'><strong> </strong></span> 
     </span>
    </p>
   </div>
  </div>
 </body>
</html>
