2664 4296
386 327 478 395 xv1.
524 334 551 393 1.
573 295 578 302 ’
598 325 809 412 (nemim.)
1030 331 1072 392 m

162 499 249 542 orum
262 501 299 541 ex
313 500 382 541 aree
396 481 582 560 expulerunt,
596 478 821 560 Epaminondas,
840 479 983 556 quamdiu
996 479 1075 540 saeta
1117 530 1120 539 .

160 571 206 620 est
231 561 326 620 eaedes
350 561 470 632 nivium,
493 560 576 619 domo
599 579 631 618 se
651 560 763 618 tenuit:
783 559 860 636 quod
873 578 968 637 neque
981 559 1075 618 malos

159 639 317 698 defendere
332 640 456 710 volebat,
473 657 568 716 neque
582 640 763 716 impugnare,
777 656 816 696 ne
834 657 940 696 manus
953 655 1074 696 suorum

157 718 306 795 sanguine
320 723 498 777 cruentaret.
539 717 677 794 Namque
691 735 807 775 omnem
827 717 945 776 civilem
958 717 1073 776 viatori·

157 815 211 854 am
226 795 372 855 funestam
387 797 517 876 putabat.
556 795 646 867 Idem,
661 807 811 872 postquam
826 795 902 872 apud
915 795 1072 854 Cadmeam

156 893 232 933 oum
246 873 476 933 Laoedaemouiis
486 875 611 952 pugnari
625 884 754 951 ooeptum
767 884 820 944 est,
829 876 860 932 iu
874 874 975 950 primis
983 875 1071 933 stetit.

156 953 263 1029 Hujus
286 954 322 1010 de
342 955 499 1012 virtutibus
519 955 637 1029 vitaque
659 953 730 1012 satis
753 954 809 1010 erit
830 953 950 1022 dietum,
972 953 997 1010 si
1019 953 1074 1012 hoe
1100 957 1112 1010 t

157 1049 256 1089 unum
271 1032 438 1108 adjunxero,
452 1031 529 1108 quod
541 1050 627 1089 nemo
636 1041 683 1090 eat
696 1031 812 1102 infitias,
828 1031 948 1112 Thebas
962 1041 991 1090 et
1005 1042 1072 1090 ante

158 1109 396 1185 Epaminondam
416 1121 528 1180 natum,
543 1119 572 1167 et
595 1120 659 1186 post
677 1110 741 1186 ejus
754 1111 913 1180 interitum,
935 1119 1075 1189 perpetuo

159 1188 260 1246 alieno
280 1188 411 1264 paruisse
432 1189 571 1264 imperi03
594 1198 696 1246 eontra
709 1208 754 1257 ea,
769 1188 909 1264 quamdiu
930 1189 981 1247 ille
1002 1207 1074 1265 pne·

162 1264 255 1323 suerit
267 1265 445 1340 reipublicae,
459 1275 549 1340 eaput
562 1265 651 1322 fuisse
668 1268 754 1323 totius
774 1265 907 1324 Grteeiaa.
948 1267 997 1324 Ex
1017 1285 1076 1342 quo

164 1343 293 1476 iintelligi
313 1352 414 1417 potest,
428 1360 520 1398 unum
540 1343 686 1399 hominem
700 1343 801 1418 pluris,
815 1362 905 1420 quam
918 1345 1075 1416 civitatem,

184 1436 274 1477 uisse.

313 1809 453 1884 xvi.
518 1761 932 1888 antoninae.

198 2118 223 2178 1.
246 2117 412 2196 Pehrpidoa,
431 2119 587 2192 Thebanus,
602 2124 695 2200 magis
709 2125 861 2193 historicis,
872 2143 961 2200 quam
972 2124 1071 2203 vulgo,
1094 2128 1107 2182 1

157 2209 254 2258 notus.
294 2198 390 2274 Cujus
410 2199 446 2258 de
467 2201 623 2259 virtutibus
641 2201 740 2260 dubito
760 2203 1004 2276 quemadmodum
1024 2223 1073 2261 ex·

160 2296 276 2354 ponam,
291 2277 368 2353 quod
381 2297 493 2348 vereor,
508 2297 555 2348 ne,
570 2280 596 2336 si
617 2297 665 2336 res
685 2280 834 2354 explicare
855 2279 1003 2356 incipiam,
1017 2299 1074 2338 non

159 2356 250 2414 vitam
270 2355 336 2431 ejus
355 2373 504 2424 enarrare,
519 2356 571 2414 sed
588 2357 739 2412 historiam
755 2355 858 2412 videar
877 2357 1028 2428 seribere;
1050 2357 1075 2414 si

160 2433 359 2491 tantummodo
383 2451 514 2490 summas
542 2433 674 2508 attigero,
699 2449 737 2489 ne
765 2431 887 2490 rudibus
914 2433 1076 2494 litterarum

162 2509 338 2568 Graeoarum
359 2510 458 2566 nunus
477 2509 576 2568 lueida
601 2519 747 2585 appareat,
763 2518 890 2585 quantus
914 2509 1003 2569 suerit
1023 2512 1073 2572 ille

163 2587 220 2642 vir.
261 2585 365 2661 ltaque
379 2586 494 2661 utrique
515 2587 559 2646 rei
578 2603 742 2658 oeeurram,
757 2597 898 2664 quantum
916 2600 1023 2667 potero,
1044 2602 1074 2652 et

167 2662 303 2720 medebor
316 2681 410 2738 quum
420 2663 551 2734 satietati,
560 2674 623 2722 tum
632 2665 801 2742 ignorantia
813 2665 964 2728 lentorum.
986 2670 1070 2731 Phoe-
1092 2679 1110 2732 2

167 2739 257 2811 bidae,
279 2738 528 2812 Lacedaemonius,
549 2761 640 2820 quum
662 2746 821 2804 exereitum
842 2746 1004 2825 Olynthum
1018 2751 1070 2811 du·

163 2828 254 2888 aeret,
278 2820 393 2896 iterque
416 2838 468 2897 per
493 2821 608 2880 Thebas
627 2821 744 2895 faceret,
760 2843 858 2884 aroem
877 2829 981 2906 oppidi,
1003 2849 1070 2906 qum

161 2897 292 2958 Cadmea
318 2898 491 2971 nominatur,
519 2903 674 2978 occupavit
704 2904 832 2982 impulsu
859 2925 1070 2984 perpaucorum

147 2976 378 3048 -Thabanorum,
393 2979 453 3056 qui,
468 2979 642 3040 adversariae
665 2981 783 3042 factioni
804 3003 862 3060 quo
887 2985 1005 3044 saoilius
1025 3005 1069 3044 re-

159 3057 302 3126 sisterent,
317 3055 470 3116 Laoonum
484 3059 571 3119 rebus
585 3060 755 3120 studebant:
780 3063 867 3138 idque
881 3083 934 3122 suo
947 3065 1069 3140 privato,

159 3153 216 3194 non
230 3136 355 3272 publico,
371 3133 440 3196 feeit
453 3139 582 3198 oonsilio.
624 3139 693 3204 Quo
707 3139 784 3198 faoto
797 3159 866 3198 eum
885 3139 1069 3202 Laoedaemo-
1091 3149 1107 3202 i

158 3215 200 3272 nii
214 3234 233 3272 a
271 3215 404 3274 exercitu
418 3227 603 3276 removerunt
617 3219 801 3294 pecuniaque
819 3219 999 3278 multarunt:
1019 3239 1071 3278 ne-

157 3311 216 3368 que
240 3312 276 3350 eo
296 3294 390 3370 magis
414 3311 512 3352 aroem
533 3293 683 3354 Thebanis
697 3295 892 3366 reddiderunt,
907 3297 984 3372 quod
1007 3316 1069 3356 aus-

158 3371 250 3446 eeptis
269 3371 429 3428 inimicitiis
442 3373 533 3430 satius
553 3373 699 3432 duoebant
712 3393 762 3432 eos
774 3373 908 3444 obsideri,
923 3393 1012 3449 quam
1036 3376 1069 3432 li.

160 3448 266 3506 barari.
307 3448 387 3506 Nam
408 3460 470 3524 post
490 3449 730 3527 Peloponnesium
754 3452 865 3509 bellum
880 3451 1070 3526 Athenasque

158 3523 289 3584 devictas
302 3545 372 3584 eum
394 3526 545 3586 Thebanis
565 3530 620 3588 sibi
642 3547 705 3586 rem
725 3547 790 3586 essa
814 3528 1027 3595 existimabant,
1042 3539 1071 3588 et

158 3621 210 3662 eos
222 3623 286 3664 esse
306 3603 391 3674 solos,
413 3606 465 3682 qui
488 3605 630 3666 adversus
652 3606 788 3664 resistere
812 3603 962 3662 auderent.
1003 3601 1070 3667 Hae
1091 3614 1108 3669 4

159 3691 257 3742 manta
270 3682 375 3741 amieis
387 3683 447 3744 suis
460 3700 589 3742 summas
609 3691 763 3794 potestates
775 3679 924 3747 dederant,
939 3677 1069 3746 alterius.
