2680 4304
267 349 309 410 04
500 341 575 406 XX.
618 350 648 416 4,
663 347 692 407 5.
740 339 938 424 (Timoleon.)

264 513 283 554 a
296 495 490 555 fundamentis
503 496 635 572 disjecit3
659 505 757 552 cetera
777 493 940 569 tyrannidis
953 491 1172 570 propugnacula

264 575 417 634 demolitus
430 585 483 645 est,
498 575 631 650 deditque
645 591 773 650 operam,
789 584 821 630 ut
844 590 932 648 quam
948 572 1066 628 minime
1080 571 1173 628 multa

225 659 245 713 t
265 655 387 732 vestigia
400 655 548 711 servitutis
562 661 724 710 manerent.
754 651 856 716 Quum
870 651 957 708 tantis
971 659 1047 708 esset
1060 650 1172 725 opibus,

265 743 297 791 ut
310 735 397 790 etiarn
411 733 509 790 invitis
523 733 665 808 imperare
680 741 792 806 posset;
815 739 928 787 tantum
943 739 1040 786 autem
1054 728 1172 786 haberat

264 830 392 869 amorem
406 813 535 868 omnium
551 810 726 878 Siculorum,
739 819 771 866 ut
784 809 865 865 nullo
880 817 1034 865 recusante
1049 825 1172 882 regnum

263 891 422 948 obtinerett
443 890 546 946 maluit
559 909 590 946 se
605 888 695 964 diligi,
710 905 799 963 quam
815 887 913 944 metui.
955 886 1066 960 Itaque,
1081 904 1171 960 quum

263 971 389 1046 primum
404 969 503 1045 potuit,
519 969 673 1044 imperium
687 966 828 1042 deposuit,
842 975 871 1023 et
892 966 1022 1040 privatus
1042 963 1169 1039 Syracu·

223 1051 242 1104 5
263 1049 312 1118 sis,
327 1048 403 1124 quod
418 1047 564 1124 reliquum
578 1047 646 1103 vitae
667 1044 730 1114 suit,
746 1045 828 1102 vixit.
872 1044 979 1120 Neque
994 1041 1105 1100 veroid
1119 1043 1170 1099 im-

262 1127 353 1204 perite
369 1125 447 1184 feeit.
483 1125 514 1183 N
516 1143 564 1185 am
577 1123 654 1202 quod
668 1123 758 1182 ceteri
772 1141 857 1200 reges
870 1123 992 1198 imperio
1006 1131 1171 1198 potueruut,

262 1205 311 1264 hic
333 1205 538 1264 benevolentia
561 1204 663 1261 tenuit.
713 1202 826 1260 Nullus
849 1203 940 1260 honos
962 1201 1031 1258 huic
1058 1199 1169 1272 defuit;

262 1301 358 1360 neque
382 1292 480 1360 postea
505 1301 552 1340 res
574 1282 636 1340 ulla
660 1281 818 1357 Syracusis
842 1289 925 1357 gesta
938 1289 982 1337 est
995 1278 1120 1356 publice,
1135 1279 1171 1336 de

262 1381 322 1438 qua
349 1363 429 1438 prius
455 1363 493 1420 sit
519 1361 679 1430 decretum,
701 1377 790 1436 quam
814 1358 1004 1416 Timoleontis
1027 1358 1171 1416 sententia

223 1443 241 1498 6
263 1441 388 1518 cognita.
431 1440 553 1498 Nullius
577 1457 716 1515 umquam
730 1437 884 1496 consilium
909 1455 965 1494 nou
986 1435 1070 1494 modo
1090 1445 1170 1494 ante·

263 1519 364 1590 latum,
379 1519 429 1578 sed
443 1538 481 1578 ne
495 1528 693 1596 comparatum
706 1517 824 1592 quidem
838 1526 891 1574 est.
916 1515 1023 1592 Neque
1037 1515 1066 1572 id
1077 1515 1171 1593 magis

262 1598 463 1656 benevolentia
477 1597 587 1656 factum
601 1606 654 1666 est,
669 1614 758 1672 quam
773 1595 936 1672 prudentie.

224 1681 240 1734 1
302 1676 356 1734 lv.
379 1676 438 1735 Hic
462 1695 553 1754 quum
568 1685 651 1734 aetate
669 1675 730 1751 jam
753 1685 906 1750 provectus
926 1683 1011 1744 esset,
1026 1674 1090 1732 sine
1110 1671 1171 1731 ullo

262 1756 361 1813 morbo
375 1756 486 1813 lumina
500 1755 652 1813 oculorum
662 1754 766 1810 amisit.
808 1751 906 1818 Quam
920 1753 1116 1812 calamitatem
1128 1752 1171 1810 ita

262 1833 408 1891 moderate
423 1834 496 1902 tulit,
513 1843 545 1890 ut
568 1851 664 1908 neque
679 1849 746 1888 eum
768 1842 938 1906 querentem
951 1832 1105 1908 quisquam
1119 1850 1159 1888 au

263 1911 355 1980 dierit,
371 1930 466 1986 neque
480 1931 514 1969 eo
531 1913 628 1968 minus
648 1911 767 1986 privatis
787 1911 970 1987 publicisque
984 1911 1071 1968 rebus
1084 1911 1170 1968 inter-

223 1993 242 2046 2
263 1987 359 2046 luerit.
402 1989 547 2048 Veniebat
561 1999 657 2047 autem
677 1990 707 2046 in
724 1989 878 2059 theatrum,
893 2008 984 2066 quum
998 1989 1038 2047 ibi
1052 1989 1159 2047 concili

263 2086 313 2124 um
334 2068 432 2144 populi
456 2068 620 2138 haberetur,
644 2077 758 2144 propter
782 2069 978 2126 valetudinem
1001 2077 1103 2126 vectus
1123 2067 1159 2144 ju

263 2147 366 2204 mentis
388 2146 507 2222 junctis,
522 2146 616 2222 adque
640 2147 681 2204 ita
701 2146 736 2203 de
751 2147 894 2217 vehiculo,
909 2165 975 2223 quae
989 2146 1170 2216 videbantur,

261 2224 393 2298 dicebet3
415 2243 510 2301 neque
532 2225 586 2283 hoc
610 2225 654 2282 illi
668 2226 822 2301 quisquam
845 2227 990 2283 tribuebat
1013 2225 1168 2302 superbiae.

261 2302 345 2362 Nihil
370 2305 447 2361 enim
474 2323 613 2380 umquam
635 2323 730 2380 neque
750 2305 886 2375 insolens,
899 2323 995 2380 neque
1013 2305 1170 2381 gloriosum

223 2385 241 2438 3
262 2401 298 2439 ex
312 2402 361 2441 ore
382 2383 446 2460 ejus
460 2384 539 2441 exiit.
581 2383 642 2448 Qui
656 2383 781 2459 quidem,
796 2403 887 2458 quum
911 2403 981 2440 suas
1003 2383 1106 2440 laudes
1120 2401 1169 2440 au·

261 2461 336 2519 diret
349 2462 509 2539 praedicari,
524 2479 686 2538 numquam
700 2461 780 2520 aliud
798 2463 878 2532 dixit,
894 2481 982 2538 quam
996 2481 1028 2520 se
1042 2463 1073 2518 in
1087 2481 1123 2519 ea
1137 2480 1169 2520 re

262 2542 405 2599 maximas
428 2541 483 2599 diis
504 2543 614 2618 gratias
635 2559 722 2618 agere
736 2550 823 2616 atque
847 2542 963 2612 habere,
978 2541 1063 2616 quod,
1078 2559 1170 2616 quum

262 2619 394 2677 Siciliam
408 2638 542 2678 recreare
557 2620 779 2690 constituissent,
794 2629 857 2677 tum
871 2639 902 2676 se
923 2621 1103 2696 potissimum
1117 2619 1169 2676 du·

223 2701 242 2755 4
263 2716 327 2754 cem
349 2717 412 2756 esse
433 2699 601 2756 voluissent.
644 2697 728 2756 Nihil
750 2699 829 2756 enim
851 2717 949 2756 rerum
973 2699 1170 2756 humanarum

261 2776 324 2833 sine
345 2776 464 2834 deorum
486 2778 605 2834 numine
629 2777 694 2853 geri
718 2777 846 2854 putabet.
887 2776 988 2854 Itaque
1010 2795 1072 2834 suae
1093 2776 1169 2835 domi

261 2852 404 2988 popellum
424 2856 601 2930 Αὖιομαιίας
613 2856 809 2926 constituerat,
824 2855 910 2932 idque
927 2856 1108 2914 sanctissime
1122 2875 1168 2913 co

274 2951 290 2990 e
311 2941 350 2989 ai.
676 2941 678 2946 '

224 3016 239 3068 1
302 3009 341 3068 V.
363 3010 412 3069 Ad
426 3012 502 3070 hanc
516 3013 638 3070 hominis
647 3011 840 3070 excellentem
854 3013 1010 3072 bonitatem
1021 3013 1169 3072 mirabiles

262 3101 449 3148 accesserunt
477 3110 573 3149 casus.
624 3091 704 3149 Nam
729 3092 834 3168 proelia
856 3093 983 3150 maxima
1006 3092 1098 3150 natali
1122 3091 1169 3149 die

261 3187 314 3226 suo
329 3167 397 3226 feeit
410 3171 523 3228 omnia:
544 3189 602 3246 quc
616 3169 726 3228 iactum
740 3179 792 3240 est,
808 3181 840 3229 ut
863 3172 928 3248 ejus
940 3171 1018 3229 diem
1041 3171 1168 3229 natalem

224 3252 241 3306 2
263 3245 368 3304 festum
382 3248 501 3306 haberet
515 3251 651 3307 universa
665 3249 778 3306 Sicilia.
819 3249 900 3308 Huic
913 3250 1032 3326 quidam
1049 3248 1167 3308 Lames·

261 3325 328 3395 tius,
343 3326 427 3384 horno
440 3328 574 3404 petulans
587 3337 616 3386 et
637 3329 777 3405 ingratus,
793 3327 989 3387 vadimonium
1003 3347 1095 3404 quum
1109 3327 1168 3386 vel·

261 3403 301 3462 let
322 3405 479 3481 imponere,
503 3406 579 3482 quod
603 3425 673 3466 curn
697 3407 748 3464 illo
761 3425 792 3464 se
816 3406 881 3483 lege
902 3426 990 3484 agere
1010 3407 1169 3476 diceretet

260 3482 425 3560 complures
439 3487 664 3555 concurrissent,
679 3485 730 3562 qui
750 3486 957 3561 procacitatem
970 3485 1095 3544 hominis
1108 3503 1168 3542 rna·

261 3563 347 3620 nibus
360 3569 496 3621 coercere
511 3573 704 3622 conarentur:
726 3562 879 3622 Timoleon
898 3565 993 3623 oravit
1006 3582 1116 3634 omnes,
1131 3581 1168 3621 ne

259 3640 290 3698 id
304 3640 444 3700 iacerent.
480 3641 617 3719 Namque
628 3642 657 3700 id
673 3652 705 3700 ut
718 3641 866 3701 Lamestio
879 3643 1042 3718 ceterisque
1056 3643 1168 3712 liceret,

259 3737 291 3778 se
305 3720 448 3780 maximos
461 3719 574 3780 labores
588 3739 760 3798 summaque
774 3719 878 3778 adiisse
897 3719 1040 3798 pericula.
1081 3719 1168 3782 Hane
