2664 4296
437 313 527 378 XIX.
571 323 601 389 3,
617 319 646 376 4.
693 310 873 396 (Phocion.)
1065 319 1104 380 sl

202 465 329 528 Demade
343 467 379 527 de
394 469 466 526 urbe
479 467 618 527 tradenda
633 467 787 543 Antipatro
801 475 1009 540 consenserat;
1033 466 1108 544 ejus·

200 565 255 624 que
269 549 391 606 consilio
405 546 613 605 Demosthenes
628 565 696 604 curn
718 546 833 615 ceteris,
848 547 899 620 qui
920 545 1044 603 beneda
1063 565 1108 604 ra·

199 626 316 702 publica
337 627 433 684 meriti
459 626 706 695 existimabantur,
722 625 894 701 populiscitu
917 625 1107 703 inssexsilium

198 715 281 762 eraut
298 705 421 782 expulsi.
463 705 568 780 Neque
582 705 613 760 in
628 721 662 760 co
675 705 770 760 solum
784 701 949 773 offenderat,
967 703 1044 779 quod
1058 722 1106 780 pa-

197 785 260 842 triae
274 785 351 842 mala
366 784 560 853 consuluerat,
575 782 626 840 sed
647 783 745 852 etiam,
760 781 836 858 quod
860 783 996 840 amicitiae
1019 782 1107 840 fidem

196 879 253 920 non
268 863 448 939 prestiterat.
489 862 627 937 Namque
641 871 746 918 auctus
767 859 940 936 adiutusque
956 881 973 918 a
987 859 1106 918 Demos·
1128 863 1145 918 8

197 941 283 999 thena
301 960 379 1011 eum,
396 961 482 1017 quem
505 942 629 1010 tenebat,
652 939 841 998 adscenderat
861 939 994 1016 gradum,
1015 957 1107 1016 quum

197 1019 337 1078 adversus
350 1020 504 1078 Charetem
518 1039 587 1077 eum
601 1020 791 1076 subornaret:
813 1018 850 1074 ab
864 1017 963 1076 eodem
978 1020 1008 1075 in
1030 1017 1105 1094 judi-

196 1099 259 1168 ciis,
274 1117 365 1174 quum
390 1101 491 1176 capitis
511 1117 634 1170 cansam,
646 1097 763 1166 diceret,
785 1095 922 1154 defensus
945 1097 1106 1172 aliquoties,

196 1175 338 1234 liberatus
352 1176 532 1234 discesserat.
569 1177 660 1233 Hunc
674 1195 730 1233 non
743 1175 839 1234 solum
853 1175 882 1230 in
897 1176 1036 1250 periculis
1049 1193 1106 1232 non

197 1253 335 1322 defendit,
349 1254 401 1310 sed
425 1257 511 1311 etiam
531 1253 664 1330 prodidit.
704 1253 837 1311 Concidit
861 1263 957 1310 autem
980 1253 1143 1310 maximel

199 1349 259 1386 uno
273 1332 405 1399 crimine,
419 1333 502 1406 quod,
517 1350 610 1406 quum
624 1330 699 1404 apud
719 1349 788 1387 enm
808 1349 953 1386 summum
966 1341 1042 1388 esset
1055 1331 1107 1387 im·

202 1407 319 1480 perium
342 1409 449 1482 populi,
470 1419 507 1478 et,
533 1409 721 1477 Nicanorem,
745 1407 901 1464 Cassandri
928 1407 1107 1483 praefectum,

205 1482 336 1540 insidiari
350 1485 459 1542 Piraeeo
473 1485 706 1554 Atheniensium,
728 1504 746 1542 a
770 1484 911 1558 Dercyllo
935 1493 1108 1554 moneretur,

205 1561 341 1637 idemque
354 1563 517 1638 postularet,
532 1572 564 1620 ut
578 1561 748 1640 provideret,
763 1581 801 1620 ne
815 1563 1022 1620 commeatibus
1040 1563 1109 1620 civi-

204 1650 249 1698 tas
262 1641 437 1716 privaretur,
457 1642 536 1713 huic,
552 1641 687 1700 audiente
708 1641 821 1719 populo,
845 1640 969 1699 Phocion
991 1643 1109 1719 negavit
1212 1711 1219 1721 ι

201 1737 265 1777 esse
284 1721 458 1796 periculum,
479 1741 570 1798 seque
585 1720 650 1796 ejus
664 1721 705 1777 rei
729 1719 858 1778 obsidem
882 1719 943 1778 fore
962 1720 1107 1798 pollicitus
1135 1725 1137 1730 '

198 1807 251 1856 est.
292 1798 399 1875 Neque
413 1802 453 1859 ita
467 1803 558 1859 multo
572 1808 636 1878 post
656 1799 790 1858 Nicanor
810 1799 918 1858 Piraeeo
932 1810 975 1858 est
989 1801 1103 1878 potitus.
1126 1803 1144 1856 5

198 1877 247 1935 Ad
272 1897 359 1954 quem
384 1881 618 1956 recuperandum
639 1897 730 1955 quum
751 1879 874 1956 populus
895 1890 1024 1938 armatus
1038 1879 1103 1938 co'n-

197 1957 344 2027 currisset,
360 1959 409 2016 ille
423 1979 479 2018 non
493 1960 577 2018 modo
591 1959 735 2016 neminem
761 1957 797 2016 ad
818 1977 900 2016 arma
913 1960 1037 2029 vocavit,
1053 1960 1104 2016 sed

197 2053 234 2093 na
248 2039 366 2096 armatis
379 2039 495 2114 quidem
519 2057 643 2116 praeesse
657 2039 758 2096 voluit.
801 2037 884 2115 [Siue
906 2057 964 2114 quo
979 2039 1105 2096 Athenae

196 2116 311 2173 omnino
324 2135 387 2174 esse
402 2136 457 2174 nou
472 2117 617 2194 possunt]

203 2255 206 2262 ,
235 2193 288 2252 Ill.
311 2194 447 2254 Eranteo
457 2207 586 2273 tempore
601 2195 725 2252 Athenis
736 2195 802 2250 duae
817 2193 965 2263 factiones,
979 2213 1105 2268 quarum
1128 2196 1143 2250 1

197 2289 256 2330 uua
278 2274 375 2349 populi
400 2293 520 2332 causam
534 2274 648 2350 agebat,
664 2273 757 2328 altera
770 2273 950 2347 optimatum.
992 2271 1026 2328 In
1049 2273 1106 2330 hac

196 2360 259 2408 erat
273 2351 398 2410 Phocion
413 2361 442 2408 et
455 2351 624 2408 Demetrius
637 2350 807 2405 Phalereus.
850 2347 965 2404 Harum
986 2358 1106 2422 utraque

198 2427 391 2486 Macedonum
406 2429 574 2502 patrociniis
593 2427 748 2482 nitebatur.
791 2424 871 2481 Nam
885 2425 1038 2500 populares
1056 2426 1106 2484 Po-

198 2505 398 2580 lyaperchonti
413 2504 568 2574 savebaut3
591 2503 742 2578 optimates
766 2521 834 2559 cum
860 2503 1021 2562 Cassandro
1044 2524 1106 2564 sen-

200 2582 321 2640 tiebant.
342 2581 462 2638 Interim
476 2599 494 2638 a
507 2581 751 2656 Polysperchonte
761 2580 924 2638 Cassander
939 2580 1105 2644 Macedonia
1125 2591 1143 2644 2

202 2657 306 2736 pulsus
319 2668 372 2716 est.
415 2658 482 2723 Quo
504 2658 581 2716 iacto
604 2659 727 2734 populus
746 2660 876 2736 superior
896 2660 989 2720 iactus
1009 2667 1103 2723 statim

203 2735 295 2794 duces
309 2736 481 2794 adversariae
495 2736 625 2796 factionis
639 2738 740 2814 capitis
754 2738 900 2798 damnatos
910 2743 1002 2818 patria
1016 2763 1101 2822 pepu.

202 2815 255 2887 lit3
277 2814 307 2872 in
322 2815 367 2872 bis
381 2814 551 2874 Phocionem
563 2826 591 2874 et
604 2815 783 2874 Demetrium
798 2817 987 2880 Phalereum:
1008 2823 1102 2900 deque

199 2913 236 2952 ea
250 2911 282 2952 ra
296 2893 406 2972 legatos
421 2894 456 2952 ad
473 2895 742 2972 Polysperchoutem
758 2899 843 2968 misit,
858 2901 908 2975 qui
923 2900 959 2957 ab
977 2920 1011 2959 eo
1025 2914 1101 2978 pete-

198 2983 271 3042 rent,
287 2983 319 3032 ut
333 2993 388 3032 sua
401 2973 518 3034 decreta
532 2975 723 3034 confirmaret.
760 2975 829 3034 Huc
843 2979 943 3036 eodem
957 2980 1103 3056 profectus
1124 2987 1141 3040 5

195 3063 240 3112 est
259 3053 396 3112 Phocion.
438 3054 506 3119 Quo
530 3064 562 3113 ut
585 3057 672 3125 venit,
694 3074 814 3114 causam
839 3057 915 3132 apud
937 3057 1102 3134 Philippum

196 3151 296 3210 regem
319 3133 417 3203 verbo,
446 3151 478 3190 re
501 3134 565 3209 ipsa
589 3134 706 3209 quidem
726 3135 803 3210 apud
828 3136 1102 3211 Polysperchontem

194 3211 292 3286 jussus
305 3221 348 3269 est
368 3211 482 3269 dicere:
504 3229 629 3289 namque
643 3214 668 3269 is
689 3222 750 3270 tum
766 3214 843 3290 regis
857 3215 945 3270 rebus
969 3224 1102 3290 praeerat.

196 3289 255 3348 Hic
279 3290 316 3348 ab
336 3289 492 3367 Agnouide
516 3302 680 3360 accusatus,
695 3292 772 3366 quod
793 3291 936 3349 Piraeeum
960 3292 1103 3350 Nicanori
1123 3297 1141 3351 t

196 3367 374 3444 prodidisset,
388 3387 425 3426 ex
439 3369 552 3426 consilii
565 3371 706 3426 sententie
719 3370 750 3426 in
764 3369 923 3427 custodiam
943 3370 1102 3442 conjectus,

198 3444 328 3506 Athenas
339 3446 482 3506 deductus
492 3456 543 3516 est,
553 3455 585 3504 ut
595 3447 679 3504 ibide
690 3465 724 3504 eo
732 3447 846 3525 legibus
857 3447 939 3504 fieret
947 3444 1102 3520 judicium.

235 3524 289 3584 IV.
312 3523 382 3584 Huc
406 3526 457 3583 ubi
478 3535 649 3602 perventum
672 3534 724 3593 est,
739 3541 831 3599 quum
852 3531 967 3598 propter
990 3527 1104 3579 aetetem
1126 3524 1137 3578 1

197 3602 318 3680 pedibus
328 3603 391 3678 jam
404 3621 462 3660 uon
475 3601 805 3676 sclarea-vehiculoque
819 3606 991 3674 portaretur,
1005 3601 1104 3674 magni

196 3699 359 3740 concursus
379 3689 447 3738 sunt
471 3679 551 3749 iacti,
565 3697 657 3755 quum
678 3677 737 3745 alii,
760 3674 979 3732 reminiscentes
998 3676 1105 3737 cetaria
