2692 4306
438 362 481 427 x.
510 369 539 440 r,
555 369 585 427 s.
626 365 750 444 (non.)
1000 373 1042 432 rs

146 512 203 572 tec
218 509 364 568 sententia
379 495 532 568 esthNon
554 527 643 584 posse
667 511 743 568 bene
758 509 820 586 geri
840 513 1046 588 rempublicam

144 593 292 650 multorum
315 583 462 674 imperiis)
499 588 585 655 Quod
608 588 716 646 dictum
728 607 832 664 magna
852 590 962 648 invidia
976 611 1045 652 con·

143 679 239 728 secuta
253 679 311 724 est.
353 667 486 742 Namque
501 666 651 742 aperuisse
664 668 821 738 videbatur,
836 667 931 726 omnia
946 669 977 727 in
991 689 1045 729 sua

139 757 281 825 potestate
293 747 462 804 esserelle.
492 745 577 803 Hanc
591 745 642 802 ille
656 763 714 802 non
727 746 819 803 lenire
834 747 1044 822 obsequio,sed
1064 755 1081 808 t

139 825 296 883 acerbitate
311 823 474 899 opprimere
490 824 605 894 studuit,
620 824 874 899 Heraclidemque,
888 844 974 901 quum
988 827 1044 904 Sy·

138 923 256 962 recusas
272 901 413 972 venisset,
428 903 657 960 interficiendum
671 903 790 960 curavit.

174 983 246 1040 VII.
290 980 378 1046 Quod
401 981 507 1038 sactum
528 980 659 1037 omnibus
673 982 827 1040 maximum
846 982 976 1039 timorem
1000 984 1042 1040 in·
1066 987 1078 1042 l

134 1061 212 1140 jecit.
265 1060 364 1117 Nemo
385 1060 472 1130 enim,
496 1059 546 1116 illo
567 1057 727 1129 interfecto,
752 1079 785 1116 se
808 1069 897 1117 tutum
917 1063 1041 1136 putabat.

134 1141 189 1197 lile
213 1148 324 1208 antem,
346 1137 513 1195 adversario
537 1147 655 1208 remoto,
676 1137 812 1196 licentius
837 1157 936 1196 eorum
959 1140 1043 1211 bona,

133 1236 206 1292 quos
222 1217 339 1274 sciebat
358 1216 496 1274 adversus
511 1235 544 1273 se
559 1217 700 1287 sensisse,
720 1216 858 1274 militibus
871 1217 1042 1292 dispertivit.

135 1297 251 1362 Quibus
265 1295 380 1365 divisis,
400 1313 486 1370 quum
498 1295 656 1370 quotidiani
674 1294 793 1352 maximi
805 1296 908 1353 fierent
921 1306 1040 1368 sumtus,
1061 1301 1080 1356 2

135 1374 275 1431 celeriter
288 1373 412 1448 pecunia
426 1373 532 1430 deesse
547 1373 643 1448 coepit,
655 1391 827 1448 nequaque
839 1392 940 1430 manns
953 1375 1043 1450 porri·

137 1462 232 1527 geret,
252 1453 429 1526 suppetebat,
449 1451 508 1508 nisi
528 1450 559 1508 in
577 1451 735 1508 amicorum
751 1452 968 1526 possessiones.
1007 1453 1043 1510 ld

137 1529 307 1606 hujusmodi
329 1541 395 1600 erat,
413 1540 453 1599 ut,
471 1547 560 1604 quum
580 1529 688 1586 milites
711 1529 942 1598 reconciliasset,
963 1530 1044 1586 amit-

135 1618 214 1665 teret
237 1607 397 1682 optimates.
438 1609 570 1674 Quarum
590 1625 685 1665 rerum
709 1613 778 1664 cura
798 1605 990 1682 frangebatur,
1014 1619 1044 1665 et
1063 1615 1081 1666 3

135 1686 270 1744 insama
284 1688 358 1744 male
373 1686 510 1744 audlandi
529 1703 588 1743 non
602 1703 682 1760 aequo
701 1685 797 1742 animo
816 1685 935 1755 serebat,
950 1685 986 1742 de
1008 1705 1041 1743 se

134 1765 169 1822 ab
191 1764 230 1821 iis
244 1765 324 1822 male
348 1763 518 1835 existimari,
541 1781 661 1838 quorum
677 1765 775 1840 paullo
797 1773 862 1821 ante
884 1763 915 1822 in
939 1765 1041 1822 celum

133 1842 226 1900 linerat
251 1845 347 1901 elatus
360 1844 504 1901 laudibus.
545 1843 657 1918 Vulgus
675 1853 779 1912 autem,
793 1843 906 1901 offensa
927 1843 958 1900 in
975 1861 1041 1901 eum

133 1923 256 1979 militum
271 1923 429 1992 voluntate,
443 1921 562 1980 liberius
582 1922 757 1996 loquebatur,
772 1931 801 1978 et
818 1931 970 1998 tyrannum
983 1940 1041 1980 non

133 2000 287 2058 serendum
300 2001 457 2058 dictitabat.
488 1989 534 2088 ᾇ

171 2080 261 2137 VIII.
285 2079 359 2136 Haec
369 2080 419 2136 ille
428 2079 551 2148 intuens,
562 2097 655 2153 quum,
665 2078 902 2152 quemadmodum
915 2079 1040 2150 sedaret,
1063 2082 1074 2138 1

133 2159 273 2227 nesciret,
283 2168 321 2228 et,
329 2176 465 2232 quorum
475 2157 637 2227 evaderent,
645 2158 776 2228 timeret3
798 2157 971 2215 Callicrates
980 2157 1042 2231 qui-

135 2236 207 2306 dam,
222 2236 301 2293 civis
316 2235 517 2305 Atheniensis,
531 2236 580 2310 qui
600 2235 686 2293 simul
706 2254 772 2292 cum
786 2253 821 2292 eo
836 2253 873 2292 ex
898 2235 1042 2311 Pelopon·

134 2315 247 2372 nesoin
263 2315 399 2372 Siciliam
406 2323 531 2384 venerat,
545 2314 630 2372 homo
644 2323 674 2371 et
687 2313 810 2371 callidus
819 2322 849 2369 et
862 2312 899 2368 ad
913 2312 1042 2370 fraudem

135 2404 246 2463 acutus,
263 2393 328 2450 sine
342 2394 403 2451 ulla
425 2394 566 2470 religione
581 2411 616 2449 ac
637 2392 705 2461 fide,
726 2391 785 2448 adit
803 2390 840 2447 ad
864 2390 999 2459 Dionem,
1013 2399 1042 2446 et

135 2472 189 2530 ait:
213 2490 284 2530 eum
305 2471 362 2549 [in]
377 2489 481 2548 magno
494 2471 624 2547 periculo
639 2489 707 2528 esse
721 2479 836 2544 propter
851 2467 1043 2526 offensionem
1061 2472 1080 2526 2

134 2551 234 2626 populi
250 2561 280 2607 et
293 2551 392 2607 odium
398 2551 528 2620 militum,
537 2549 613 2624 quod
622 2549 702 2606 nulle
715 2547 800 2604 modo
809 2547 918 2604 evitare
932 2555 1041 2621 posset,

135 2628 192 2686 nisi
206 2628 299 2686 alicui
320 2647 437 2694 suorum
448 2628 596 2704 negotium
610 2627 699 2696 daret,
713 2626 762 2700 qui
775 2645 808 2683 se
830 2625 978 2682 sImularet
997 2625 1041 2684 illi

137 2705 296 2764 inimicum.
339 2708 434 2774 Quem
447 2708 474 2764 si
489 2706 650 2764 invenisset
662 2705 806 2774 idoneum,
816 2703 903 2762 sacile
914 2703 1041 2762 omnium

138 2786 249 2843 animos
277 2786 466 2862 cogniturum,
494 2784 729 2858 adversariosque
756 2784 940 2853 sublaturum,
965 2783 1041 2857 quod

138 2863 250 2921 inimici
278 2865 342 2940 ejus
367 2864 522 2922 dissidenti
556 2881 625 2921 suos
652 2881 757 2920 sensus
784 2861 909 2938 aperturi
936 2860 1038 2919 sorent.

139 2941 205 2999 Tali
220 2943 345 3000 consilio
358 2944 475 3018 probato
485 2942 601 3019 excepit
613 2941 667 2998 has
675 2951 771 3018 partes
782 2941 846 3016 ipse
859 2939 1040 3010 Callicrates,
1061 2943 1079 2997 3

140 3029 168 3076 et
175 3040 208 3080 se
221 3032 312 3077 annet
319 3021 507 3098 imprudentia
522 3021 637 3079 Dionis.
678 3019 724 3076 Ad
735 3037 801 3076 eum
811 3018 1041 3076 interficiendum

140 3099 400 3174 socioscnnquirit3
411 3100 590 3157 adversarios
597 3099 660 3174 ejus
667 3097 810 3166 convenit,
817 3096 1042 3172 conjurationem

140 3179 296 3234 confimat.
338 3177 409 3249 Res,
432 3179 529 3236 multis
551 3175 679 3234 consciis
701 3193 762 3250 quae
787 3184 943 3250 gereretur,
966 3175 1079 3231 elatad

141 3253 265 3313 defertur
278 3255 315 3313 ad
334 3257 564 3326 Aristomachen,
588 3273 716 3312 sororem
740 3253 853 3322 Dionis,
867 3269 1041 3326 rrxoremque

142 3339 258 3391 Areten.
307 3335 368 3392 Illae
391 3335 492 3392 timore
516 3333 671 3410 perterritae
692 3331 873 3401 conveniant,
895 3332 977 3407 cujus
1001 3330 1038 3386 de

141 3412 268 3484 periculo
288 3413 435 3472 timebant.
476 3415 515 3470 At
528 3413 578 3470 ille
592 3421 688 3486 negat,
702 3429 720 3468 a
737 3410 893 3468 Callicrate
907 3409 971 3466 fieri
985 3408 1042 3466 sibi

143 3489 270 3561 insidias,
294 3492 349 3548 sed
371 3493 432 3561 illa,
453 3510 516 3566 qum
539 3501 700 3566 agerentur,
724 3489 787 3546 fieri
810 3497 955 3564 praeoepto
979 3503 1042 3542 suo.

144 3566 282 3627 Mulieres
296 3569 388 3628 nihilo
402 3570 501 3628 secius
516 3569 702 3627 Callicratem
714 3567 745 3624 in
755 3567 847 3626 aedem
861 3567 1043 3638 Proserpima
1062 3567 1080 3619 1
1132 3629 1135 3636 .

144 3643 292 3718 deducunt,
307 3667 342 3706 ac
362 3649 460 3725 jurare
474 3657 589 3723 oogtmt,
609 3645 684 3702 nibil
708 3647 744 3702 ab
764 3645 816 3702 illo
837 3640 960 3718 periculi
981 3638 1042 3698 sore

148 3721 242 3784 Dioni.
283 3727 338 3785 Ille
352 3725 408 3784 hac
421 3725 563 3804 religione
576 3742 635 3781 non
647 3723 732 3781 modo
745 3740 804 3780 non
817 3715 1045 3786 decantasset
