2680 4304
277 377 319 438 ⁹⁰
418 369 541 438 XXIV.
588 380 613 447 1,
629 381 659 438 2.
706 370 767 454 (M.
784 371 917 436 Portica
936 371 1040 453 Cato.)

283 821 474 896 XXIV.
526 821 587 897 M.
629 819 934 894 PORTIUS
977 818 1163 895 CATO

237 1164 248 1217 l
313 1158 337 1218 l.
364 1159 441 1229 Cato,
456 1167 534 1216 ortus
546 1161 696 1232 municipio
720 1155 850 1228 Tusculo,
867 1155 1110 1226 adolescentulus,
1126 1157 1181 1233 pri-

275 1257 398 1314 usquam
412 1239 695 1314 bonoribusoperam
705 1237 796 1305 daret,
808 1247 942 1294 vorsatus
952 1247 997 1296 est
1011 1237 1041 1294 in
1055 1236 1180 1306 Sabinis,

272 1317 349 1394 quod
363 1317 404 1374 ibi
418 1319 603 1376 heredium
624 1327 705 1393 patre
724 1315 859 1374 relictum
879 1316 1014 1374 habebat.
1055 1315 1182 1374 Hortatu

273 1395 311 1454 L.
327 1395 442 1454 Valerii
466 1397 579 1464 Flacci,
593 1415 682 1472 quem
695 1396 726 1452 in
747 1394 905 1454 consulatu
926 1413 1110 1472 censuraque
1130 1395 1180 1454 ba·

274 1475 336 1533 buit
350 1476 503 1554 collegam,
516 1486 548 1534 ut
563 1475 604 1532 M.
619 1474 767 1550 Perperna
780 1473 936 1532 Cursorius
949 1492 1071 1532 nauare
1079 1473 1181 1532 solitus

235 1559 253 1612 2
273 1564 325 1622 est,
340 1554 463 1613 Romam
478 1555 659 1632 demigravit,
674 1551 835 1629 inferoque
850 1571 913 1610 esse
928 1554 1028 1630 ooepit.
1050 1552 1181 1610 Primum

272 1633 448 1710 stipendium
461 1635 567 1692 meruit
592 1651 733 1692 annorum
753 1632 855 1690 decem
875 1641 1053 1708 septemque,
1068 1631 1108 1698 Q.
1124 1631 1179 1690 Fa-

274 1713 328 1782 bio,
345 1713 386 1772 M.
400 1713 524 1772 Claudio
544 1713 729 1771 Consulibus.
772 1710 923 1768 Tribunus
937 1712 1063 1769 militum
1083 1713 1114 1768 in
1134 1711 1179 1768 Si-

273 1792 343 1850 cilia
357 1791 421 1852 suit.
463 1793 534 1850 Inde
549 1802 581 1850 ut
601 1792 694 1860 rediit,
709 1800 805 1848 castra
819 1799 937 1848 secutus
950 1801 993 1849 ast
1014 1789 1048 1848 C.
1063 1789 1180 1848 Claudii

273 1870 303 1926 N
305 1871 410 1940 aronis,
425 1873 582 1948 magnique
601 1889 689 1946 opera
703 1871 768 1945 ejus
781 1870 945 1928 existimata
958 1879 1003 1928 est
1025 1870 1056 1928 in
1076 1869 1179 1945 proelio

272 1949 348 2025 apud
362 1949 479 2018 Senam,
494 1968 552 2026 quo
565 1950 671 2008 cecidit
692 1948 867 2018 Hasdrubal,
883 1947 972 2007 sratar
992 1947 1177 2006 Hannibalis.

234 2032 251 2084 8
273 2027 407 2093 Quaestor
420 2028 521 2106 obtigit
535 2028 569 2085 P.
583 2028 735 2097 Africano,
750 2029 873 2098 consuli,
888 2047 956 2086 cum
978 2046 1036 2103 quo
1049 2045 1106 2086 non
1127 2047 1178 2104 pro

272 2107 356 2164 sortis
369 2107 581 2166 necessitudine
596 2109 685 2166 vixit:
707 2125 833 2184 namque
856 2107 892 2166 ab
906 2126 941 2165 eo
961 2117 1100 2184 perpetua
1122 2107 1177 2164 dis·

272 2187 361 2244 sensit
382 2188 449 2246 vita.
491 2187 598 2246 AEdilis
622 2186 714 2264 plebis
737 2184 832 2244 sactus
853 2196 897 2246 est
920 2205 989 2244 eum
1010 2187 1045 2245 C.
1060 2183 1176 2244 Helvio.

232 2271 251 2324 4
272 2265 381 2324 Proetor
400 2267 579 2343 provinciam
592 2267 715 2325 obtinuit
728 2264 902 2336 Sardiniam,
917 2285 954 2324 ex
974 2285 1033 2341 qua
1051 2276 1177 2342 quaestor

271 2346 420 2422 superiora
452 2356 579 2432 ternpore
613 2365 650 2403 ex
677 2344 784 2403 Africa
807 2345 950 2404 decedens
977 2345 1016 2411 Q.
1046 2344 1176 2404 Ennium

272 2433 382 2502 poetam
393 2425 567 2492 deduxerat:
588 2425 664 2502 quod
675 2443 732 2482 non
741 2425 860 2482 minoris
870 2425 1078 2496 existimamus,
1087 2444 1176 2501 quarn

271 2504 429 2579 quemlibet
443 2505 654 2582 amplissimum
667 2503 884 2562 Sardiniensem
898 2504 1085 2581 triumphum.

234 2587 248 2641 l
310 2581 349 2640 ll.
371 2583 561 2642 Consulatum
581 2585 670 2661 gessit
684 2602 753 2641 cum
774 2582 810 2640 L.
825 2582 946 2642 Valerio
967 2583 1085 2654 Flacco,
1100 2593 1175 2641 sorte

271 2662 451 2737 provinciam
465 2674 569 2721 nactus
590 2663 763 2738 Hispaniam
777 2663 951 2733 citeriorem,
967 2681 1062 2738 exque
1076 2681 1112 2720 aa
1125 2663 1175 2720 tri·

231 2745 250 2797 2
272 2739 412 2815 umphum
427 2740 597 2816 deportavit.
640 2741 683 2799 lbi
707 2760 799 2818 quum
823 2741 932 2799 diutius
954 2752 1124 2811 moraretur,
1140 2741 1173 2798 P.

271 2818 369 2893 Scipio
383 2817 554 2889 Africanus,
569 2820 677 2878 Consul
692 2822 808 2890 iterum,
823 2821 909 2897 cujus
923 2821 953 2877 in
971 2821 1058 2896 priori
1072 2839 1173 2880 consu·

270 2897 331 2955 latu
345 2907 470 2972 quator
484 2897 587 2968 fuerat,
603 2897 694 2956 voluit
714 2917 782 2957 eum
801 2899 836 2957 de
851 2901 999 2975 provincia
1019 2900 1174 2976 depellere,

270 2987 299 3034 et
312 2976 373 3052 ipse
387 2978 415 3034 ei
435 2977 604 3035 succedere.
647 2977 753 3053 Neque
774 2977 828 3036 hoc
848 2990 1045 3054 personatum
1059 2979 1174 3037 efficere

270 3056 368 3133 potuit,
383 3075 474 3132 quum
489 3056 605 3132 quidem
626 3055 723 3132 Scipio
736 3057 766 3113 in
781 3058 897 3114 civitate
919 3059 1110 3134 principatum
1125 3059 1174 3117 ob

269 3137 391 3193 tineret:
412 3135 487 3212 quod
502 3147 563 3194 tum
578 3154 634 3194 nou
649 3137 783 3212 potentia,
798 3137 848 3194 sed
869 3137 937 3212 jure
948 3138 1113 3214 respublica
1127 3137 1174 3194 ad-

270 3215 496 3272 ministrabatur.
551 3215 620 3281 Qua
641 3235 678 3274 ex
701 3235 732 3273 re
756 3217 848 3274 iratus
874 3219 997 3286 senatui,
1023 3216 1175 3274 consulatu

232 3298 249 3351 3
271 3303 395 3369 peracto,
411 3295 540 3370 privatus
553 3295 583 3352 in
598 3295 669 3352 urbe
684 3296 799 3354 mansit.
842 3295 883 3353 At
896 3295 976 3364 Cato,
992 3313 1094 3354 censor
1107 3314 1176 3352 cum

270 3371 371 3430 eodem
382 3373 491 3431 Flacco
505 3374 608 3444 factus,
624 3393 726 3432 severe
742 3373 856 3451 praefuit
870 3376 898 3432 ei
913 3375 1054 3450 potestati.
1097 3374 1176 3432 Nam

270 3461 299 3510 et
320 3453 349 3509 in
364 3452 528 3528 complures
541 3454 652 3512 nobiles
667 3453 877 3523 animadvertit,
892 3463 922 3510 et
945 3454 1053 3510 multas
1067 3473 1114 3510 res
1127 3471 1177 3510 no·

271 3532 374 3590 rasin
396 3532 524 3590 edictum
549 3533 665 3604 addidit,
687 3552 746 3608 qua
770 3551 802 3590 re
822 3532 940 3590 luxuria
961 3531 1176 3608 reprimeretur,

233 3615 250 3668 t
270 3629 337 3687 quaa
347 3612 408 3687 jam
422 3621 484 3669 tum
498 3613 655 3689 incipiebat
675 3610 831 3688 pullulare.
873 3611 1012 3688 [Circiter
1025 3629 1116 3668 annos
1130 3630 1179 3669 co·

271 3691 404 3768 toginta,]
436 3691 536 3767 Usque
551 3691 586 3750 ad
601 3701 760 3750 extremam
774 3699 888 3748 aetatem
912 3691 950 3748 ab
973 3689 1178 3759 adolescentia,

272 3769 441 3846 reipublicae
454 3789 545 3830 causa
563 3771 712 3848 suscipere
729 3768 897 3826 inimicitias
913 3787 971 3827 non
989 3767 1106 3827 destitit.
1148 3768 1177 3827 A
