<?xml version="1.0" encoding="UTF-8"?>
<!DOCTYPE html PUBLIC "-//W3C//DTD XHTML 1.0 Transitional//EN"
    "http://www.w3.org/TR/xhtml1/DTD/xhtml1-transitional.dtd">
<html xmlns="http://www.w3.org/1999/xhtml" xml:lang="en" lang="en">
 <head>
  <title>
</title>
<meta http-equiv="Content-Type" content="text/html;charset=utf-8" />
  <meta name='ocr-system' content='tesseract 3.04.00' />
  <meta name='ocr-capabilities' content='ocr_page ocr_carea ocr_par ocr_line ocrx_word'/>
</head>
<body>
  <div class='ocr_page' id='page_1' title='image "./corneliusneposw05nepogoog_0098.png"; bbox 0 0 2680 4304; ppageno 0'>
   <div class='ocr_carea' id='block_1_1' title="bbox 388 355 1091 440">
    <p class='ocr_par' dir='ltr' id='par_1_1' title="bbox 388 355 1091 440">
     <span class='ocr_line' id='line_1_1' title="bbox 388 355 1091 440; baseline 0.01 -19"><span class='ocrx_word' id='word_1_1' title='bbox 388 355 512 422; x_wconf 86' lang='lat' dir='ltr'>XXIII.</span> <span class='ocrx_word' id='word_1_2' title='bbox 557 363 585 434; x_wconf 85' lang='lat'>5,</span> <span class='ocrx_word' id='word_1_3' title='bbox 603 365 633 421; x_wconf 83' lang='grc'>6.</span> <span class='ocrx_word' id='word_1_4' title='bbox 678 355 886 440; x_wconf 78' lang='lat' dir='ltr'><em>(Hannibal.)</em></span> <span class='ocrx_word' id='word_1_5' title='bbox 1051 369 1091 429; x_wconf 84' lang='lat' dir='ltr'>st</span> 
     </span>
    </p>
   </div>
   <div class='ocr_carea' id='block_1_2' title="bbox 159 508 1133 2013">
    <p class='ocr_par' dir='ltr' id='par_1_2' title="bbox 159 508 1133 2013">
     <span class='ocr_line' id='line_1_2' title="bbox 164 508 1133 588; baseline 0.008 -20"><span class='ocrx_word' id='word_1_6' title='bbox 164 508 254 568; x_wconf 87' lang='lat' dir='ltr'>Hinc</span> <span class='ocrx_word' id='word_1_7' title='bbox 270 511 302 568; x_wconf 89' lang='lat' dir='ltr'>in</span> <span class='ocrx_word' id='word_1_8' title='bbox 317 510 463 587; x_wconf 89' lang='lat' dir='ltr'>Apuliam</span> <span class='ocrx_word' id='word_1_9' title='bbox 477 511 618 588; x_wconf 78' lang='lat' dir='ltr'>pervenit.</span> <span class='ocrx_word' id='word_1_10' title='bbox 654 510 698 570; x_wconf 90' lang='lat' dir='ltr'>Ibi</span> <span class='ocrx_word' id='word_1_11' title='bbox 711 512 827 570; x_wconf 89' lang='lat' dir='ltr'>obviam</span> <span class='ocrx_word' id='word_1_12' title='bbox 840 513 868 570; x_wconf 89' lang='lat' dir='ltr'>ei</span> <span class='ocrx_word' id='word_1_13' title='bbox 882 523 1025 572; x_wconf 89' lang='lat' dir='ltr'>venerunt</span> <span class='ocrx_word' id='word_1_14' title='bbox 1038 513 1096 574; x_wconf 92' lang='lat' dir='ltr'>duo</span> <span class='ocrx_word' id='word_1_15' title='bbox 1115 519 1133 578; x_wconf 83' lang='lat' dir='ltr'>l</span> 
     </span>
     <span class='ocr_line' id='line_1_3' title="bbox 164 588 1092 670; baseline 0.004 -23"><span class='ocrx_word' id='word_1_16' title='bbox 164 588 330 660; x_wconf 83' lang='lat' dir='ltr'>Consules,</span> <span class='ocrx_word' id='word_1_17' title='bbox 345 590 381 648; x_wconf 83' lang='lat' dir='ltr'>O.</span> <span class='ocrx_word' id='word_1_18' title='bbox 397 589 555 648; x_wconf 72' lang='lat' dir='ltr'><strong>Terentius</strong></span> <span class='ocrx_word' id='word_1_19' title='bbox 569 600 598 648; x_wconf 90' lang='lat' dir='ltr'>et</span> <span class='ocrx_word' id='word_1_20' title='bbox 618 588 656 648; x_wconf 88' lang='lat' dir='ltr'>L.</span> <span class='ocrx_word' id='word_1_21' title='bbox 673 591 822 650; x_wconf 84' lang='lat' dir='ltr'>AEmilius.</span> <span class='ocrx_word' id='word_1_22' title='bbox 865 591 1025 670; x_wconf 82' lang='lat' dir='ltr'>Utriusque</span> <span class='ocrx_word' id='word_1_23' title='bbox 1043 611 1092 652; x_wconf 84' lang='lat' dir='ltr'>ex·</span> 
     </span>
     <span class='ocr_line' id='line_1_4' title="bbox 161 668 1093 746; baseline 0.008 -22"><span class='ocrx_word' id='word_1_24' title='bbox 161 671 286 729; x_wconf 75' lang='lat' dir='ltr'>arcitus</span> <span class='ocrx_word' id='word_1_25' title='bbox 300 689 361 728; x_wconf 88' lang='lat' dir='ltr'>uuo</span> <span class='ocrx_word' id='word_1_26' title='bbox 375 670 481 746; x_wconf 88' lang='lat' dir='ltr'>proelio</span> <span class='ocrx_word' id='word_1_27' title='bbox 497 668 610 746; x_wconf 84' lang='lat' dir='ltr'>fugavit</span> <span class='ocrx_word' id='word_1_28' title='bbox 619 689 629 740; x_wconf 84' lang='lat'>3</span> <span class='ocrx_word' id='word_1_29' title='bbox 652 669 790 728; x_wconf 78' lang='lat' dir='ltr'>Paullum</span> <span class='ocrx_word' id='word_1_30' title='bbox 805 671 954 730; x_wconf 89' lang='lat' dir='ltr'>consulem</span> <span class='ocrx_word' id='word_1_31' title='bbox 975 672 1093 742; x_wconf 89' lang='lat' dir='ltr'>occidit,</span> 
     </span>
     <span class='ocr_line' id='line_1_5' title="bbox 160 749 1092 826; baseline 0.005 -22"><span class='ocrx_word' id='word_1_32' title='bbox 160 758 193 804; x_wconf 87' lang='lat' dir='ltr'>et</span> <span class='ocrx_word' id='word_1_33' title='bbox 220 749 341 826; x_wconf 83' lang='lat' dir='ltr'>aliquot</span> <span class='ocrx_word' id='word_1_34' title='bbox 366 759 508 824; x_wconf 74' lang='lat' dir='ltr'>praeterea</span> <span class='ocrx_word' id='word_1_35' title='bbox 529 749 707 818; x_wconf 88' lang='lat' dir='ltr'>consuleres,</span> <span class='ocrx_word' id='word_1_36' title='bbox 729 750 760 806; x_wconf 92' lang='lat' dir='ltr'>iu</span> <span class='ocrx_word' id='word_1_37' title='bbox 784 749 830 808; x_wconf 89' lang='lat' dir='ltr'>his</span> <span class='ocrx_word' id='word_1_38' title='bbox 854 750 909 808; x_wconf 88' lang='lat' dir='ltr'>Cn.</span> <span class='ocrx_word' id='word_1_39' title='bbox 931 750 1092 810; x_wconf 82' lang='lat' dir='ltr'>Servilium</span> 
     </span>
     <span class='ocr_line' id='line_1_6' title="bbox 161 827 1130 904; baseline 0.003 -20"><span class='ocrx_word' id='word_1_40' title='bbox 161 827 347 898; x_wconf 85' lang='lat' dir='ltr'>Geminum,</span> <span class='ocrx_word' id='word_1_41' title='bbox 362 829 414 904; x_wconf 94' lang='lat' dir='ltr'>qui</span> <span class='ocrx_word' id='word_1_42' title='bbox 428 846 504 886; x_wconf 89' lang='lat' dir='ltr'>anno</span> <span class='ocrx_word' id='word_1_43' title='bbox 518 829 667 904; x_wconf 81' lang='lat' dir='ltr'>superiore</span> <span class='ocrx_word' id='word_1_44' title='bbox 682 827 777 888; x_wconf 84' lang='lat' dir='ltr'>suerat</span> <span class='ocrx_word' id='word_1_45' title='bbox 790 829 903 888; x_wconf 91' lang='lat' dir='ltr'>consul.</span> <span class='ocrx_word' id='word_1_46' title='bbox 1127 874 1130 880; x_wconf 88' lang='lat'>.</span> 
     </span>
     <span class='ocr_line' id='line_1_7' title="bbox 206 906 1127 984; baseline 0.008 -20"><span class='ocrx_word' id='word_1_47' title='bbox 206 906 253 964; x_wconf 91' lang='lat' dir='ltr'>V.</span> <span class='ocrx_word' id='word_1_48' title='bbox 277 907 347 964; x_wconf 91' lang='lat' dir='ltr'>Hac</span> <span class='ocrx_word' id='word_1_49' title='bbox 373 925 474 984; x_wconf 88' lang='lat' dir='ltr'>pugna</span> <span class='ocrx_word' id='word_1_50' title='bbox 497 918 626 984; x_wconf 85' lang='lat' dir='ltr'>pugnata</span> <span class='ocrx_word' id='word_1_51' title='bbox 647 906 770 968; x_wconf 87' lang='lat' dir='ltr'>Romam</span> <span class='ocrx_word' id='word_1_52' title='bbox 784 907 931 984; x_wconf 87' lang='lat' dir='ltr'>profectus</span> <span class='ocrx_word' id='word_1_53' title='bbox 945 908 1090 979; x_wconf 89' lang='lat' dir='ltr'>est,qulo</span> <span class='ocrx_word' id='word_1_54' title='bbox 1112 915 1127 970; x_wconf 96' lang='lat'>1</span> 
     </span>
     <span class='ocr_line' id='line_1_8' title="bbox 160 986 1088 1062; baseline 0.004 -20"><span class='ocrx_word' id='word_1_55' title='bbox 160 988 338 1044; x_wconf 80' lang='lat' dir='ltr'><strong>resistente.</strong></span> <span class='ocrx_word' id='word_1_56' title='bbox 381 986 416 1045; x_wconf 86' lang='lat' dir='ltr'>Iu</span> <span class='ocrx_word' id='word_1_57' title='bbox 441 987 608 1062; x_wconf 85' lang='lat' dir='ltr'>propinquis</span> <span class='ocrx_word' id='word_1_58' title='bbox 629 987 710 1044; x_wconf 89' lang='lat' dir='ltr'>urbis</span> <span class='ocrx_word' id='word_1_59' title='bbox 734 988 878 1046; x_wconf 88' lang='lat' dir='ltr'>montibus</span> <span class='ocrx_word' id='word_1_60' title='bbox 892 998 1021 1048; x_wconf 84' lang='lat' dir='ltr'>moratus</span> <span class='ocrx_word' id='word_1_61' title='bbox 1034 999 1088 1048; x_wconf 87' lang='lat' dir='ltr'>est.</span> 
     </span>
     <span class='ocr_line' id='line_1_9' title="bbox 159 1064 1091 1142; baseline 0.005 -21"><span class='ocrx_word' id='word_1_62' title='bbox 159 1064 277 1128; x_wconf 83' lang='lat' dir='ltr'>Quum</span> <span class='ocrx_word' id='word_1_63' title='bbox 291 1065 402 1142; x_wconf 82' lang='lat' dir='ltr'>aliquot</span> <span class='ocrx_word' id='word_1_64' title='bbox 422 1067 463 1122; x_wconf 89' lang='lat' dir='ltr'>ibi</span> <span class='ocrx_word' id='word_1_65' title='bbox 483 1065 546 1124; x_wconf 91' lang='lat' dir='ltr'>dies</span> <span class='ocrx_word' id='word_1_66' title='bbox 560 1075 657 1124; x_wconf 89' lang='lat' dir='ltr'>eastra</span> <span class='ocrx_word' id='word_1_67' title='bbox 671 1065 827 1136; x_wconf 74' lang='lat' dir='ltr'>habuisset,</span> <span class='ocrx_word' id='word_1_68' title='bbox 842 1077 872 1126; x_wconf 89' lang='lat' dir='ltr'>et</span> <span class='ocrx_word' id='word_1_69' title='bbox 895 1077 1091 1126; x_wconf 79' lang='lat' dir='ltr'>reverteretur</span> 
     </span>
     <span class='ocr_line' id='line_1_10' title="bbox 159 1143 1089 1220; baseline 0.004 -20"><span class='ocrx_word' id='word_1_70' title='bbox 159 1143 327 1220; x_wconf 84' lang='lat' dir='ltr'>Capuam3</span> <span class='ocrx_word' id='word_1_71' title='bbox 354 1144 394 1210; x_wconf 84' lang='lat' dir='ltr'>Q.</span> <span class='ocrx_word' id='word_1_72' title='bbox 409 1144 521 1202; x_wconf 80' lang='lat' dir='ltr'>Fabius</span> <span class='ocrx_word' id='word_1_73' title='bbox 546 1143 703 1213; x_wconf 76' lang='lat' dir='ltr'>Maximus,</span> <span class='ocrx_word' id='word_1_74' title='bbox 728 1144 851 1204; x_wconf 90' lang='lat' dir='ltr'>dictator</span> <span class='ocrx_word' id='word_1_75' title='bbox 875 1145 1035 1215; x_wconf 85' lang='lat' dir='ltr'>Romanus,</span> <span class='ocrx_word' id='word_1_76' title='bbox 1058 1148 1089 1204; x_wconf 92' lang='lat' dir='ltr'>in</span> 
     </span>
     <span class='ocr_line' id='line_1_11' title="bbox 161 1222 1128 1300; baseline 0.005 -21"><span class='ocrx_word' id='word_1_77' title='bbox 161 1241 245 1300; x_wconf 86' lang='lat' dir='ltr'>agro</span> <span class='ocrx_word' id='word_1_78' title='bbox 260 1223 389 1282; x_wconf 86' lang='lat' dir='ltr'>Falerno</span> <span class='ocrx_word' id='word_1_79' title='bbox 402 1243 435 1281; x_wconf 88' lang='lat' dir='ltr'>se</span> <span class='ocrx_word' id='word_1_80' title='bbox 449 1224 477 1282; x_wconf 92' lang='lat' dir='ltr'>ei</span> <span class='ocrx_word' id='word_1_81' title='bbox 500 1222 616 1300; x_wconf 83' lang='lat' dir='ltr'>objecit.</span> <span class='ocrx_word' id='word_1_82' title='bbox 658 1222 718 1280; x_wconf 90' lang='lat' dir='ltr'>Hie</span> <span class='ocrx_word' id='word_1_83' title='bbox 738 1224 858 1282; x_wconf 88' lang='lat' dir='ltr'>clausus</span> <span class='ocrx_word' id='word_1_84' title='bbox 881 1225 1014 1284; x_wconf 86' lang='lat' dir='ltr'>locorum</span> <span class='ocrx_word' id='word_1_85' title='bbox 1038 1244 1087 1284; x_wconf 87' lang='lat' dir='ltr'>en·</span> <span class='ocrx_word' id='word_1_86' title='bbox 1109 1231 1128 1284; x_wconf 80' lang='lat'>2</span> 
     </span>
     <span class='ocr_line' id='line_1_12' title="bbox 162 1301 1087 1380; baseline 0.004 -22"><span class='ocrx_word' id='word_1_87' title='bbox 162 1303 280 1377; x_wconf 86' lang='lat' dir='ltr'>gustiis</span> <span class='ocrx_word' id='word_1_88' title='bbox 293 1313 382 1360; x_wconf 88' lang='lat' dir='ltr'>noctu</span> <span class='ocrx_word' id='word_1_89' title='bbox 402 1304 466 1360; x_wconf 89' lang='lat' dir='ltr'>sine</span> <span class='ocrx_word' id='word_1_90' title='bbox 482 1301 543 1358; x_wconf 91' lang='lat' dir='ltr'>ullo</span> <span class='ocrx_word' id='word_1_91' title='bbox 563 1301 735 1360; x_wconf 89' lang='lat' dir='ltr'>detrimento</span> <span class='ocrx_word' id='word_1_92' title='bbox 748 1304 896 1362; x_wconf 86' lang='lat' dir='ltr'>exereitus</span> <span class='ocrx_word' id='word_1_93' title='bbox 916 1323 947 1362; x_wconf 91' lang='lat' dir='ltr'>se</span> <span class='ocrx_word' id='word_1_94' title='bbox 972 1304 1087 1380; x_wconf 84' lang='lat' dir='ltr'>expedi·</span> 
     </span>
     <span class='ocr_line' id='line_1_13' title="bbox 165 1381 1087 1458; baseline 0.007 -22"><span class='ocrx_word' id='word_1_95' title='bbox 165 1381 218 1436; x_wconf 87' lang='lat' dir='ltr'>vit</span> <span class='ocrx_word' id='word_1_96' title='bbox 231 1400 241 1452; x_wconf 92' lang='lat'>;</span> <span class='ocrx_word' id='word_1_97' title='bbox 263 1381 364 1450; x_wconf 88' lang='lat' dir='ltr'>Fabio,</span> <span class='ocrx_word' id='word_1_98' title='bbox 379 1381 567 1440; x_wconf 85' lang='lat' dir='ltr'>callidissimo</span> <span class='ocrx_word' id='word_1_99' title='bbox 580 1383 757 1458; x_wconf 86' lang='lat' dir='ltr'>imperatori,</span> <span class='ocrx_word' id='word_1_100' title='bbox 772 1383 861 1440; x_wconf 87' lang='lat' dir='ltr'>verba</span> <span class='ocrx_word' id='word_1_101' title='bbox 875 1382 962 1440; x_wconf 87' lang='lat' dir='ltr'>dedit.</span> <span class='ocrx_word' id='word_1_102' title='bbox 997 1382 1087 1442; x_wconf 85' lang='lat' dir='ltr'>Nam·</span> 
     </span>
     <span class='ocr_line' id='line_1_14' title="bbox 171 1456 1088 1537; baseline 0.005 -23"><span class='ocrx_word' id='word_1_103' title='bbox 171 1477 240 1532; x_wconf 89' lang='lat' dir='ltr'>que</span> <span class='ocrx_word' id='word_1_104' title='bbox 264 1459 387 1517; x_wconf 90' lang='lat' dir='ltr'>obducta</span> <span class='ocrx_word' id='word_1_105' title='bbox 407 1456 492 1518; x_wconf 86' lang='lat' dir='ltr'>noete</span> <span class='ocrx_word' id='word_1_106' title='bbox 516 1470 664 1518; x_wconf 87' lang='lat' dir='ltr'>sarmenta</span> <span class='ocrx_word' id='word_1_107' title='bbox 684 1461 715 1517; x_wconf 89' lang='lat' dir='ltr'>in</span> <span class='ocrx_word' id='word_1_108' title='bbox 736 1462 873 1518; x_wconf 88' lang='lat' dir='ltr'>comibus</span> <span class='ocrx_word' id='word_1_109' title='bbox 894 1461 1088 1537; x_wconf 84' lang='lat' dir='ltr'>juveneorum</span> 
     </span>
     <span class='ocr_line' id='line_1_15' title="bbox 173 1536 1089 1618; baseline 0.007 -26"><span class='ocrx_word' id='word_1_110' title='bbox 173 1536 310 1614; x_wconf 86' lang='lat' dir='ltr'>deligata</span> <span class='ocrx_word' id='word_1_111' title='bbox 323 1539 452 1610; x_wconf 91' lang='lat' dir='ltr'>incendit,</span> <span class='ocrx_word' id='word_1_112' title='bbox 464 1540 587 1616; x_wconf 89' lang='lat' dir='ltr'>ejusque</span> <span class='ocrx_word' id='word_1_113' title='bbox 602 1539 719 1618; x_wconf 86' lang='lat' dir='ltr'>generis</span> <span class='ocrx_word' id='word_1_114' title='bbox 729 1539 943 1598; x_wconf 87' lang='lat' dir='ltr'>multitudiuem</span> <span class='ocrx_word' id='word_1_115' title='bbox 953 1558 1089 1617; x_wconf 85' lang='lat' dir='ltr'>magnam</span> 
     </span>
     <span class='ocr_line' id='line_1_16' title="bbox 173 1614 1089 1694; baseline 0.004 -22"><span class='ocrx_word' id='word_1_116' title='bbox 173 1614 352 1692; x_wconf 88' lang='lat' dir='ltr'>dispalatam</span> <span class='ocrx_word' id='word_1_117' title='bbox 366 1617 492 1676; x_wconf 87' lang='lat' dir='ltr'>immisit.</span> <span class='ocrx_word' id='word_1_118' title='bbox 527 1619 596 1684; x_wconf 85' lang='lat' dir='ltr'>Quo</span> <span class='ocrx_word' id='word_1_119' title='bbox 610 1619 759 1694; x_wconf 86' lang='lat' dir='ltr'>repentino</span> <span class='ocrx_word' id='word_1_120' title='bbox 772 1619 888 1694; x_wconf 86' lang='lat' dir='ltr'>objectu</span> <span class='ocrx_word' id='word_1_121' title='bbox 903 1619 964 1676; x_wconf 90' lang='lat' dir='ltr'>viso</span> <span class='ocrx_word' id='word_1_122' title='bbox 977 1628 1089 1678; x_wconf 87' lang='lat' dir='ltr'>tautum</span> 
     </span>
     <span class='ocr_line' id='line_1_17' title="bbox 170 1696 1087 1776; baseline 0.003 -23"><span class='ocrx_word' id='word_1_123' title='bbox 170 1705 318 1754; x_wconf 88' lang='lat' dir='ltr'>terrorem</span> <span class='ocrx_word' id='word_1_124' title='bbox 339 1697 437 1772; x_wconf 85' lang='lat' dir='ltr'>iujeeit</span> <span class='ocrx_word' id='word_1_125' title='bbox 455 1698 598 1756; x_wconf 84' lang='lat' dir='ltr'>exercitui</span> <span class='ocrx_word' id='word_1_126' title='bbox 614 1696 822 1768; x_wconf 89' lang='lat' dir='ltr'>Romanorum,</span> <span class='ocrx_word' id='word_1_127' title='bbox 838 1707 870 1755; x_wconf 91' lang='lat' dir='ltr'>ut</span> <span class='ocrx_word' id='word_1_128' title='bbox 890 1697 991 1776; x_wconf 81' lang='lat' dir='ltr'>egredi</span> <span class='ocrx_word' id='word_1_129' title='bbox 1004 1707 1087 1756; x_wconf 84' lang='lat' dir='ltr'>extra</span> 
     </span>
     <span class='ocr_line' id='line_1_18' title="bbox 168 1774 1125 1856; baseline 0.003 -24"><span class='ocrx_word' id='word_1_130' title='bbox 168 1774 287 1832; x_wconf 84' lang='lat' dir='ltr'>vallum</span> <span class='ocrx_word' id='word_1_131' title='bbox 301 1794 387 1834; x_wconf 89' lang='lat' dir='ltr'>nemo</span> <span class='ocrx_word' id='word_1_132' title='bbox 400 1777 437 1834; x_wconf 88' lang='lat' dir='ltr'>sit</span> <span class='ocrx_word' id='word_1_133' title='bbox 452 1796 552 1835; x_wconf 87' lang='lat' dir='ltr'>ausus.</span> <span class='ocrx_word' id='word_1_134' title='bbox 594 1776 682 1834; x_wconf 91' lang='lat' dir='ltr'>Hane</span> <span class='ocrx_word' id='word_1_135' title='bbox 696 1785 759 1852; x_wconf 90' lang='lat' dir='ltr'>post</span> <span class='ocrx_word' id='word_1_136' title='bbox 773 1795 835 1834; x_wconf 89' lang='lat' dir='ltr'>rem</span> <span class='ocrx_word' id='word_1_137' title='bbox 848 1788 961 1856; x_wconf 87' lang='lat' dir='ltr'>gestem</span> <span class='ocrx_word' id='word_1_138' title='bbox 975 1795 1032 1835; x_wconf 89' lang='lat' dir='ltr'>non</span> <span class='ocrx_word' id='word_1_139' title='bbox 1047 1777 1086 1834; x_wconf 90' lang='lat' dir='ltr'>ita</span> <span class='ocrx_word' id='word_1_140' title='bbox 1107 1781 1125 1835; x_wconf 84' lang='grc'>3</span> 
     </span>
     <span class='ocr_line' id='line_1_19' title="bbox 166 1854 1085 1934; baseline 0.004 -24"><span class='ocrx_word' id='word_1_141' title='bbox 166 1854 273 1912; x_wconf 88' lang='lat' dir='ltr'>multis</span> <span class='ocrx_word' id='word_1_142' title='bbox 297 1855 401 1913; x_wconf 89' lang='lat' dir='ltr'>diebus</span> <span class='ocrx_word' id='word_1_143' title='bbox 426 1855 469 1912; x_wconf 92' lang='lat' dir='ltr'>M.</span> <span class='ocrx_word' id='word_1_144' title='bbox 493 1856 659 1914; x_wconf 86' lang='lat' dir='ltr'>Minucium</span> <span class='ocrx_word' id='word_1_145' title='bbox 682 1855 804 1927; x_wconf 83' lang='lat' dir='ltr'>Rufum,</span> <span class='ocrx_word' id='word_1_146' title='bbox 819 1857 991 1934; x_wconf 89' lang='lat' dir='ltr'>magistrum</span> <span class='ocrx_word' id='word_1_147' title='bbox 1005 1857 1085 1933; x_wconf 89' lang='lat' dir='ltr'>equi·</span> 
     </span>
     <span class='ocr_line' id='line_1_20' title="bbox 167 1935 1085 2013; baseline 0.001 -22"><span class='ocrx_word' id='word_1_148' title='bbox 167 1943 243 2003; x_wconf 89' lang='lat' dir='ltr'>tum,</span> <span class='ocrx_word' id='word_1_149' title='bbox 269 1936 333 2010; x_wconf 85' lang='lat' dir='ltr'>pari</span> <span class='ocrx_word' id='word_1_150' title='bbox 361 1953 397 1993; x_wconf 87' lang='lat' dir='ltr'>ec</span> <span class='ocrx_word' id='word_1_151' title='bbox 426 1935 596 1993; x_wconf 88' lang='lat' dir='ltr'>dictatorem</span> <span class='ocrx_word' id='word_1_152' title='bbox 618 1936 748 2012; x_wconf 88' lang='lat' dir='ltr'>imperio,</span> <span class='ocrx_word' id='word_1_153' title='bbox 769 1935 833 1993; x_wconf 93' lang='lat' dir='ltr'>dolo</span> <span class='ocrx_word' id='word_1_154' title='bbox 857 1935 1030 2013; x_wconf 87' lang='lat' dir='ltr'>productum</span> <span class='ocrx_word' id='word_1_155' title='bbox 1054 1937 1085 1992; x_wconf 92' lang='lat' dir='ltr'>in</span> 
     </span>
    </p>
   </div>
   <div class='ocr_carea' id='block_1_3' title="bbox 58 2012 1085 2092">
    <p class='ocr_par' dir='ltr' id='par_1_3' title="bbox 58 2012 1085 2092">
     <span class='ocr_line' id='line_1_21' title="bbox 58 2012 1085 2092; baseline 0.003 -25"><span class='ocrx_word' id='word_1_156' title='bbox 58 2078 60 2082; x_wconf 23' lang='grc' dir='ltr'>Ι</span> <span class='ocrx_word' id='word_1_157' title='bbox 165 2012 318 2090; x_wconf 71' lang='lat' dir='ltr'>proelium,</span> <span class='ocrx_word' id='word_1_158' title='bbox 334 2012 458 2092; x_wconf 83' lang='lat' dir='ltr'>fugavit.</span> <span class='ocrx_word' id='word_1_159' title='bbox 501 2014 549 2072; x_wconf 85' lang='lat' dir='ltr'>Ti.</span> <span class='ocrx_word' id='word_1_160' title='bbox 565 2013 768 2090; x_wconf 83' lang='lat' dir='ltr'>Sempronium</span> <span class='ocrx_word' id='word_1_161' title='bbox 783 2015 962 2085; x_wconf 85' lang='lat' dir='ltr'>Gracchum,</span> <span class='ocrx_word' id='word_1_162' title='bbox 977 2015 1085 2072; x_wconf 91' lang='lat' dir='ltr'>iterum</span> 
     </span>
    </p>
   </div>
   <div class='ocr_carea' id='block_1_4' title="bbox 163 2091 1134 3812">
    <p class='ocr_par' dir='ltr' id='par_1_4' title="bbox 165 2091 1124 2644">
     <span class='ocr_line' id='line_1_22' title="bbox 165 2091 1084 2162; baseline 0.003 -15"><span class='ocrx_word' id='word_1_163' title='bbox 165 2092 332 2162; x_wconf 86' lang='lat' dir='ltr'>consulem,</span> <span class='ocrx_word' id='word_1_164' title='bbox 347 2093 378 2149; x_wconf 89' lang='lat' dir='ltr'>in</span> <span class='ocrx_word' id='word_1_165' title='bbox 393 2091 525 2151; x_wconf 88' lang='lat' dir='ltr'>Lucanis</span> <span class='ocrx_word' id='word_1_166' title='bbox 545 2092 650 2151; x_wconf 83' lang='lat' dir='ltr'>absens</span> <span class='ocrx_word' id='word_1_167' title='bbox 670 2093 700 2151; x_wconf 92' lang='lat' dir='ltr'>in</span> <span class='ocrx_word' id='word_1_168' title='bbox 721 2093 840 2152; x_wconf 86' lang='lat' dir='ltr'>insidias</span> <span class='ocrx_word' id='word_1_169' title='bbox 854 2093 1007 2152; x_wconf 89' lang='lat' dir='ltr'>inductum</span> <span class='ocrx_word' id='word_1_170' title='bbox 1021 2111 1084 2150; x_wconf 84' lang='lat' dir='ltr'>sus-</span> 
     </span>
     <span class='ocr_line' id='line_1_23' title="bbox 165 2171 1083 2249; baseline 0.002 -21"><span class='ocrx_word' id='word_1_171' title='bbox 165 2171 247 2228; x_wconf 91' lang='lat' dir='ltr'>tulit.</span> <span class='ocrx_word' id='word_1_172' title='bbox 292 2171 334 2228; x_wconf 90' lang='lat' dir='ltr'>M.</span> <span class='ocrx_word' id='word_1_173' title='bbox 349 2171 508 2230; x_wconf 86' lang='lat' dir='ltr'>Claudium</span> <span class='ocrx_word' id='word_1_174' title='bbox 533 2172 719 2243; x_wconf 85' lang='lat' dir='ltr'>Marcellum,</span> <span class='ocrx_word' id='word_1_175' title='bbox 744 2174 898 2249; x_wconf 89' lang='lat' dir='ltr'>quinquies</span> <span class='ocrx_word' id='word_1_176' title='bbox 923 2172 1083 2240; x_wconf 77' lang='lat' dir='ltr'>somniem,</span> 
     </span>
     <span class='ocr_line' id='line_1_24' title="bbox 166 2250 1124 2328; baseline -0.001 -21"><span class='ocrx_word' id='word_1_177' title='bbox 166 2250 248 2326; x_wconf 87' lang='lat' dir='ltr'>apud</span> <span class='ocrx_word' id='word_1_178' title='bbox 272 2250 438 2308; x_wconf 89' lang='lat' dir='ltr'>Venusiam</span> <span class='ocrx_word' id='word_1_179' title='bbox 463 2252 525 2328; x_wconf 88' lang='lat' dir='ltr'>pari</span> <span class='ocrx_word' id='word_1_180' title='bbox 551 2252 634 2309; x_wconf 92' lang='lat' dir='ltr'>modo</span> <span class='ocrx_word' id='word_1_181' title='bbox 656 2251 811 2310; x_wconf 77' lang='lat' dir='ltr'>interfecit.</span> <span class='ocrx_word' id='word_1_182' title='bbox 868 2250 1005 2327; x_wconf 89' lang='lat' dir='ltr'>Longum</span> <span class='ocrx_word' id='word_1_183' title='bbox 1029 2253 1124 2318; x_wconf 80' lang='lat' dir='ltr'>est,4</span> 
     </span>
     <span class='ocr_line' id='line_1_25' title="bbox 167 2329 1083 2406; baseline -0.002 -20"><span class='ocrx_word' id='word_1_184' title='bbox 167 2347 345 2387; x_wconf 87' lang='lat' dir='ltr'>enumerare</span> <span class='ocrx_word' id='word_1_185' title='bbox 360 2331 476 2406; x_wconf 84' lang='lat' dir='ltr'>proelia.</span> <span class='ocrx_word' id='word_1_186' title='bbox 518 2331 619 2396; x_wconf 80' lang='lat' dir='ltr'>Quare</span> <span class='ocrx_word' id='word_1_187' title='bbox 634 2331 688 2388; x_wconf 92' lang='lat' dir='ltr'>hoc</span> <span class='ocrx_word' id='word_1_188' title='bbox 703 2349 795 2388; x_wconf 90' lang='lat' dir='ltr'>unum</span> <span class='ocrx_word' id='word_1_189' title='bbox 810 2329 879 2386; x_wconf 85' lang='lat' dir='ltr'>eatis</span> <span class='ocrx_word' id='word_1_190' title='bbox 893 2331 947 2386; x_wconf 90' lang='lat' dir='ltr'>erit</span> <span class='ocrx_word' id='word_1_191' title='bbox 964 2329 1083 2398; x_wconf 90' lang='lat' dir='ltr'>dictum,</span> 
     </span>
     <span class='ocr_line' id='line_1_26' title="bbox 167 2405 1084 2486; baseline -0.004 -21"><span class='ocrx_word' id='word_1_192' title='bbox 167 2427 206 2465; x_wconf 83' lang='lat' dir='ltr'>ex</span> <span class='ocrx_word' id='word_1_193' title='bbox 221 2427 279 2483; x_wconf 94' lang='lat' dir='ltr'>quo</span> <span class='ocrx_word' id='word_1_194' title='bbox 292 2409 418 2486; x_wconf 87' lang='lat' dir='ltr'>intelligi</span> <span class='ocrx_word' id='word_1_195' title='bbox 440 2410 536 2486; x_wconf 90' lang='lat' dir='ltr'>possit,</span> <span class='ocrx_word' id='word_1_196' title='bbox 551 2418 680 2486; x_wconf 86' lang='lat' dir='ltr'>quantus</span> <span class='ocrx_word' id='word_1_197' title='bbox 701 2409 751 2466; x_wconf 95' lang='lat' dir='ltr'>ille</span> <span class='ocrx_word' id='word_1_198' title='bbox 772 2408 878 2466; x_wconf 88' lang='lat' dir='ltr'>suerit:</span> <span class='ocrx_word' id='word_1_199' title='bbox 900 2405 1040 2482; x_wconf 87' lang='lat' dir='ltr'>quamdiu</span> <span class='ocrx_word' id='word_1_200' title='bbox 1054 2407 1084 2462; x_wconf 93' lang='lat' dir='ltr'>in</span> 
     </span>
     <span class='ocr_line' id='line_1_27' title="bbox 168 2485 1084 2558; baseline -0.005 -12"><span class='ocrx_word' id='word_1_201' title='bbox 168 2487 255 2546; x_wconf 88' lang='lat' dir='ltr'>ltalia</span> <span class='ocrx_word' id='word_1_202' title='bbox 270 2487 333 2558; x_wconf 83' lang='lat' dir='ltr'>suit,</span> <span class='ocrx_word' id='word_1_203' title='bbox 348 2489 478 2546; x_wconf 85' lang='lat' dir='ltr'>nemaei</span> <span class='ocrx_word' id='word_1_204' title='bbox 499 2490 530 2546; x_wconf 89' lang='lat' dir='ltr'>in</span> <span class='ocrx_word' id='word_1_205' title='bbox 545 2490 611 2546; x_wconf 89' lang='lat' dir='ltr'>acie</span> <span class='ocrx_word' id='word_1_206' title='bbox 625 2488 738 2556; x_wconf 90' lang='lat' dir='ltr'>restitit,</span> <span class='ocrx_word' id='word_1_207' title='bbox 753 2505 839 2544; x_wconf 89' lang='lat' dir='ltr'>nemo</span> <span class='ocrx_word' id='word_1_208' title='bbox 863 2485 1004 2542; x_wconf 79' lang='lat' dir='ltr'>adversus</span> <span class='ocrx_word' id='word_1_209' title='bbox 1016 2503 1084 2542; x_wconf 88' lang='lat' dir='ltr'>eum</span> 
     </span>
     <span class='ocr_line' id='line_1_28' title="bbox 168 2565 963 2644; baseline -0.005 -20"><span class='ocrx_word' id='word_1_210' title='bbox 168 2577 233 2644; x_wconf 87' lang='lat' dir='ltr'>post</span> <span class='ocrx_word' id='word_1_211' title='bbox 245 2566 429 2626; x_wconf 85' lang='lat' dir='ltr'>Cannensem</span> <span class='ocrx_word' id='word_1_212' title='bbox 444 2586 572 2644; x_wconf 87' lang='lat' dir='ltr'>pugnam</span> <span class='ocrx_word' id='word_1_213' title='bbox 587 2569 617 2624; x_wconf 90' lang='lat' dir='ltr'>in</span> <span class='ocrx_word' id='word_1_214' title='bbox 631 2584 735 2642; x_wconf 86' lang='lat' dir='ltr'>campo</span> <span class='ocrx_word' id='word_1_215' title='bbox 748 2575 845 2623; x_wconf 89' lang='lat' dir='ltr'>castre</span> <span class='ocrx_word' id='word_1_216' title='bbox 859 2565 963 2641; x_wconf 88' lang='lat' dir='ltr'>posuit.</span> 
     </span>
    </p>

    <p class='ocr_par' dir='ltr' id='par_1_5' title="bbox 163 2641 1134 3812">
     <span class='ocr_line' id='line_1_29' title="bbox 210 2641 1120 2724; baseline -0.002 -22"><span class='ocrx_word' id='word_1_217' title='bbox 210 2644 264 2703; x_wconf 89' lang='lat' dir='ltr'>VI.</span> <span class='ocrx_word' id='word_1_218' title='bbox 286 2646 488 2704; x_wconf 88' lang='lat' dir='ltr'>Hic&#39;inviotus</span> <span class='ocrx_word' id='word_1_219' title='bbox 502 2647 626 2724; x_wconf 91' lang='lat' dir='ltr'>patriam</span> <span class='ocrx_word' id='word_1_220' title='bbox 639 2645 791 2703; x_wconf 84' lang='lat' dir='ltr'>defensum</span> <span class='ocrx_word' id='word_1_221' title='bbox 806 2653 959 2702; x_wconf 85' lang='lat' dir='ltr'>revocatus</span> <span class='ocrx_word' id='word_1_222' title='bbox 973 2641 1082 2700; x_wconf 89' lang='lat' dir='ltr'>bellum</span> <span class='ocrx_word' id='word_1_223' title='bbox 1105 2647 1120 2700; x_wconf 98' lang='lat' dir='ltr'>l</span> 
     </span>
     <span class='ocr_line' id='line_1_30' title="bbox 167 2723 1082 2802; baseline -0.002 -21"><span class='ocrx_word' id='word_1_224' title='bbox 167 2725 259 2801; x_wconf 85' lang='lat' dir='ltr'>gessit</span> <span class='ocrx_word' id='word_1_225' title='bbox 281 2725 424 2783; x_wconf 86' lang='lat' dir='ltr'>adversus</span> <span class='ocrx_word' id='word_1_226' title='bbox 446 2725 479 2784; x_wconf 91' lang='lat' dir='ltr'>P.</span> <span class='ocrx_word' id='word_1_227' title='bbox 498 2725 672 2802; x_wconf 84' lang='lat' dir='ltr'>Scipionem,</span> <span class='ocrx_word' id='word_1_228' title='bbox 696 2723 790 2782; x_wconf 87' lang='lat' dir='ltr'>lilium</span> <span class='ocrx_word' id='word_1_229' title='bbox 812 2723 886 2799; x_wconf 83' lang='lat' dir='ltr'>ejus,</span> <span class='ocrx_word' id='word_1_230' title='bbox 911 2741 999 2799; x_wconf 90' lang='lat' dir='ltr'>quem</span> <span class='ocrx_word' id='word_1_231' title='bbox 1020 2723 1082 2799; x_wconf 86' lang='lat' dir='ltr'>ipsa</span> 
     </span>
     <span class='ocr_line' id='line_1_31' title="bbox 168 2801 1081 2880; baseline -0.001 -20"><span class='ocrx_word' id='word_1_232' title='bbox 168 2804 295 2880; x_wconf 89' lang='lat' dir='ltr'>primum</span> <span class='ocrx_word' id='word_1_233' title='bbox 319 2803 398 2880; x_wconf 91' lang='lat' dir='ltr'>apud</span> <span class='ocrx_word' id='word_1_234' title='bbox 421 2803 606 2875; x_wconf 84' lang='lat' dir='ltr'>Rhodanum,</span> <span class='ocrx_word' id='word_1_235' title='bbox 622 2804 727 2861; x_wconf 91' lang='lat' dir='ltr'>iterum</span> <span class='ocrx_word' id='word_1_236' title='bbox 753 2802 830 2880; x_wconf 90' lang='lat' dir='ltr'>apud</span> <span class='ocrx_word' id='word_1_237' title='bbox 854 2801 975 2872; x_wconf 88' lang='lat' dir='ltr'>Padum,</span> <span class='ocrx_word' id='word_1_238' title='bbox 997 2803 1081 2860; x_wconf 88' lang='lat' dir='ltr'>tertio</span> 
     </span>
     <span class='ocr_line' id='line_1_32' title="bbox 168 2881 1120 2961; baseline 0 -23"><span class='ocrx_word' id='word_1_239' title='bbox 168 2882 247 2960; x_wconf 90' lang='lat' dir='ltr'>apud</span> <span class='ocrx_word' id='word_1_240' title='bbox 269 2883 412 2942; x_wconf 87' lang='lat' dir='ltr'>Trebiam</span> <span class='ocrx_word' id='word_1_241' title='bbox 435 2883 599 2961; x_wconf 83' lang='lat' dir='ltr'>fugaverat.</span> <span class='ocrx_word' id='word_1_242' title='bbox 654 2883 731 2940; x_wconf 85' lang='lat' dir='ltr'>Cum</span> <span class='ocrx_word' id='word_1_243' title='bbox 753 2883 816 2952; x_wconf 92' lang='lat' dir='ltr'>hoc,</span> <span class='ocrx_word' id='word_1_244' title='bbox 845 2881 994 2940; x_wconf 85' lang='lat' dir='ltr'>exhaustis</span> <span class='ocrx_word' id='word_1_245' title='bbox 1015 2881 1078 2957; x_wconf 90' lang='lat' dir='ltr'>jam</span> <span class='ocrx_word' id='word_1_246' title='bbox 1101 2885 1120 2938; x_wconf 84' lang='lat'>2</span> 
     </span>
     <span class='ocr_line' id='line_1_33' title="bbox 167 2960 1079 3039; baseline -0.002 -20"><span class='ocrx_word' id='word_1_247' title='bbox 167 2963 269 3038; x_wconf 84' lang='lat' dir='ltr'>patriae</span> <span class='ocrx_word' id='word_1_248' title='bbox 297 2961 495 3034; x_wconf 82' lang='lat' dir='ltr'>facultatibus,</span> <span class='ocrx_word' id='word_1_249' title='bbox 524 2964 636 3039; x_wconf 87' lang='lat' dir='ltr'>cupivit</span> <span class='ocrx_word' id='word_1_250' title='bbox 663 2963 693 3019; x_wconf 92' lang='lat' dir='ltr'>in</span> <span class='ocrx_word' id='word_1_251' title='bbox 722 2962 942 3039; x_wconf 66' lang='lat' dir='ltr'>presentiarum</span> <span class='ocrx_word' id='word_1_252' title='bbox 970 2960 1079 3018; x_wconf 91' lang='lat' dir='ltr'>bellum</span> 
     </span>
     <span class='ocr_line' id='line_1_34' title="bbox 167 3039 1079 3120; baseline -0.002 -22"><span class='ocrx_word' id='word_1_253' title='bbox 167 3059 351 3117; x_wconf 88' lang='lat' dir='ltr'>componere,</span> <span class='ocrx_word' id='word_1_254' title='bbox 373 3061 432 3120; x_wconf 92' lang='lat' dir='ltr'>quo</span> <span class='ocrx_word' id='word_1_255' title='bbox 459 3043 601 3100; x_wconf 86' lang='lat' dir='ltr'>valentior</span> <span class='ocrx_word' id='word_1_256' title='bbox 628 3051 727 3118; x_wconf 90' lang='lat' dir='ltr'>postea</span> <span class='ocrx_word' id='word_1_257' title='bbox 754 3039 989 3118; x_wconf 87' lang='lat' dir='ltr'>congrederetur.</span> <span class='ocrx_word' id='word_1_258' title='bbox 1045 3039 1079 3097; x_wconf 90' lang='lat' dir='ltr'>ln</span> 
     </span>
     <span class='ocr_line' id='line_1_35' title="bbox 167 3118 1117 3197; baseline -0.004 -19"><span class='ocrx_word' id='word_1_259' title='bbox 167 3120 347 3197; x_wconf 79' lang='lat' dir='ltr'>colloquium</span> <span class='ocrx_word' id='word_1_260' title='bbox 361 3123 505 3190; x_wconf 85' lang='lat' dir='ltr'>convenit,</span> <span class='ocrx_word' id='word_1_261' title='bbox 520 3121 698 3180; x_wconf 89' lang='lat' dir='ltr'>conditiones</span> <span class='ocrx_word' id='word_1_262' title='bbox 711 3139 769 3178; x_wconf 91' lang='lat' dir='ltr'>non</span> <span class='ocrx_word' id='word_1_263' title='bbox 782 3128 990 3178; x_wconf 87' lang='lat' dir='ltr'>convenerunt.</span> <span class='ocrx_word' id='word_1_264' title='bbox 1013 3118 1079 3176; x_wconf 87' lang='lat' dir='ltr'>Post</span> <span class='ocrx_word' id='word_1_265' title='bbox 1100 3121 1117 3174; x_wconf 83' lang='grc'><strong>3</strong></span> 
     </span>
     <span class='ocr_line' id='line_1_36' title="bbox 167 3196 1077 3276; baseline -0.001 -21"><span class='ocrx_word' id='word_1_266' title='bbox 167 3198 197 3255; x_wconf 91' lang='lat' dir='ltr'>id</span> <span class='ocrx_word' id='word_1_267' title='bbox 212 3199 323 3258; x_wconf 85' lang='lat' dir='ltr'>factum</span> <span class='ocrx_word' id='word_1_268' title='bbox 347 3202 450 3276; x_wconf 86' lang='lat' dir='ltr'>paucis</span> <span class='ocrx_word' id='word_1_269' title='bbox 464 3201 566 3258; x_wconf 90' lang='lat' dir='ltr'>diebus</span> <span class='ocrx_word' id='word_1_270' title='bbox 580 3199 658 3276; x_wconf 86' lang='lat' dir='ltr'>apud</span> <span class='ocrx_word' id='word_1_271' title='bbox 679 3198 800 3256; x_wconf 86' lang='lat' dir='ltr'>Zamam</span> <span class='ocrx_word' id='word_1_272' title='bbox 814 3217 883 3256; x_wconf 90' lang='lat' dir='ltr'>cum</span> <span class='ocrx_word' id='word_1_273' title='bbox 898 3196 999 3256; x_wconf 72' lang='lat' dir='ltr'>ffldem</span> <span class='ocrx_word' id='word_1_274' title='bbox 1012 3217 1077 3256; x_wconf 87' lang='lat' dir='ltr'>con-</span> 
     </span>
     <span class='ocr_line' id='line_1_37' title="bbox 168 3276 1078 3358; baseline 0 -24"><span class='ocrx_word' id='word_1_275' title='bbox 168 3278 258 3336; x_wconf 84' lang='lat' dir='ltr'>flixit:</span> <span class='ocrx_word' id='word_1_276' title='bbox 282 3279 386 3356; x_wconf 91' lang='lat' dir='ltr'>pulsus</span> <span class='ocrx_word' id='word_1_277' title='bbox 408 3279 593 3358; x_wconf 89' lang='lat' dir='ltr'>(incredibile</span> <span class='ocrx_word' id='word_1_278' title='bbox 608 3277 703 3356; x_wconf 89' lang='lat' dir='ltr'>dictu)</span> <span class='ocrx_word' id='word_1_279' title='bbox 725 3277 812 3336; x_wconf 92' lang='lat' dir='ltr'>biduo</span> <span class='ocrx_word' id='word_1_280' title='bbox 825 3286 855 3334; x_wconf 88' lang='lat' dir='ltr'>et</span> <span class='ocrx_word' id='word_1_281' title='bbox 876 3276 991 3334; x_wconf 90' lang='lat' dir='ltr'>duabus</span> <span class='ocrx_word' id='word_1_282' title='bbox 1011 3295 1078 3334; x_wconf 90' lang='lat' dir='ltr'>noc·</span> 
     </span>
     <span class='ocr_line' id='line_1_38' title="bbox 166 3355 1134 3434; baseline -0.004 -20"><span class='ocrx_word' id='word_1_283' title='bbox 166 3357 244 3416; x_wconf 89' lang='lat' dir='ltr'>tibus</span> <span class='ocrx_word' id='word_1_284' title='bbox 258 3357 476 3416; x_wconf 85' lang='lat' dir='ltr'>Hadrumetum</span> <span class='ocrx_word' id='word_1_285' title='bbox 490 3359 629 3434; x_wconf 86' lang='lat' dir='ltr'>pervenit,</span> <span class='ocrx_word' id='word_1_286' title='bbox 644 3357 721 3433; x_wconf 93' lang='lat' dir='ltr'>quod</span> <span class='ocrx_word' id='word_1_287' title='bbox 735 3357 816 3414; x_wconf 87' lang='lat' dir='ltr'>abest</span> <span class='ocrx_word' id='word_1_288' title='bbox 829 3355 950 3413; x_wconf 88' lang='lat' dir='ltr'>aZama</span> <span class='ocrx_word' id='word_1_289' title='bbox 963 3355 1079 3413; x_wconf 88' lang='lat' dir='ltr'>circiter</span> <span class='ocrx_word' id='word_1_290' title='bbox 1132 3360 1134 3366; x_wconf 85' lang='lat'>&#39;</span> 
     </span>
     <span class='ocr_line' id='line_1_39' title="bbox 166 3433 1116 3514; baseline 0 -22"><span class='ocrx_word' id='word_1_291' title='bbox 166 3437 261 3493; x_wconf 89' lang='lat' dir='ltr'>millia</span> <span class='ocrx_word' id='word_1_292' title='bbox 285 3455 426 3514; x_wconf 86' lang='lat' dir='ltr'>passuum</span> <span class='ocrx_word' id='word_1_293' title='bbox 447 3447 588 3496; x_wconf 84' lang='lat' dir='ltr'>trecenta.</span> <span class='ocrx_word' id='word_1_294' title='bbox 629 3435 664 3494; x_wconf 90' lang='lat' dir='ltr'>In</span> <span class='ocrx_word' id='word_1_295' title='bbox 685 3436 741 3493; x_wconf 90' lang='lat' dir='ltr'>hac</span> <span class='ocrx_word' id='word_1_296' title='bbox 764 3433 835 3512; x_wconf 84' lang='lat' dir='ltr'>fuga</span> <span class='ocrx_word' id='word_1_297' title='bbox 858 3434 1006 3504; x_wconf 86' lang='lat' dir='ltr'>Numidae,</span> <span class='ocrx_word' id='word_1_298' title='bbox 1027 3435 1116 3508; x_wconf 85' lang='lat' dir='ltr'>quil</span> 
     </span>
     <span class='ocr_line' id='line_1_40' title="bbox 165 3511 1077 3584; baseline -0.003 -14"><span class='ocrx_word' id='word_1_299' title='bbox 165 3515 254 3572; x_wconf 90' lang='lat' dir='ltr'>simul</span> <span class='ocrx_word' id='word_1_300' title='bbox 277 3535 348 3573; x_wconf 91' lang='lat' dir='ltr'>cum</span> <span class='ocrx_word' id='word_1_301' title='bbox 371 3535 406 3574; x_wconf 86' lang='lat' dir='ltr'>eo</span> <span class='ocrx_word' id='word_1_302' title='bbox 427 3535 464 3574; x_wconf 87' lang='lat' dir='ltr'>ex</span> <span class='ocrx_word' id='word_1_303' title='bbox 486 3516 550 3574; x_wconf 87' lang='lat' dir='ltr'>acie</span> <span class='ocrx_word' id='word_1_304' title='bbox 572 3523 766 3584; x_wconf 85' lang='lat' dir='ltr'>excesserant,</span> <span class='ocrx_word' id='word_1_305' title='bbox 789 3513 916 3572; x_wconf 90' lang='lat' dir='ltr'>insidiati</span> <span class='ocrx_word' id='word_1_306' title='bbox 938 3521 1005 3569; x_wconf 87' lang='lat' dir='ltr'>sunt</span> <span class='ocrx_word' id='word_1_307' title='bbox 1031 3511 1077 3567; x_wconf 91' lang='lat' dir='ltr'>ei:</span> 
     </span>
     <span class='ocr_line' id='line_1_41' title="bbox 164 3587 1079 3672; baseline -0.004 -22"><span class='ocrx_word' id='word_1_308' title='bbox 164 3611 239 3670; x_wconf 87' lang='lat' dir='ltr'>quos</span> <span class='ocrx_word' id='word_1_309' title='bbox 252 3613 311 3652; x_wconf 91' lang='lat' dir='ltr'>non</span> <span class='ocrx_word' id='word_1_310' title='bbox 326 3595 421 3652; x_wconf 90' lang='lat' dir='ltr'>solum</span> <span class='ocrx_word' id='word_1_311' title='bbox 435 3595 545 3672; x_wconf 84' lang='lat' dir='ltr'>effugit,</span> <span class='ocrx_word' id='word_1_312' title='bbox 560 3594 714 3652; x_wconf 87' lang='lat' dir='ltr'>sedetiam</span> <span class='ocrx_word' id='word_1_313' title='bbox 737 3594 814 3670; x_wconf 90' lang='lat' dir='ltr'>ipsos</span> <span class='ocrx_word' id='word_1_314' title='bbox 826 3591 977 3668; x_wconf 88' lang='lat' dir='ltr'>oppressit.</span> <span class='ocrx_word' id='word_1_315' title='bbox 1019 3587 1079 3646; x_wconf 88' lang='lat' dir='ltr'>Ha·</span> 
     </span>
     <span class='ocr_line' id='line_1_42' title="bbox 163 3667 1079 3750; baseline -0.005 -22"><span class='ocrx_word' id='word_1_316' title='bbox 163 3669 293 3732; x_wconf 90' lang='lat' dir='ltr'>drumeti</span> <span class='ocrx_word' id='word_1_317' title='bbox 307 3674 435 3750; x_wconf 89' lang='lat' dir='ltr'>reliquos</span> <span class='ocrx_word' id='word_1_318' title='bbox 449 3693 486 3732; x_wconf 85' lang='lat' dir='ltr'>ex</span> <span class='ocrx_word' id='word_1_319' title='bbox 500 3673 571 3750; x_wconf 85' lang='lat' dir='ltr'>luga</span> <span class='ocrx_word' id='word_1_320' title='bbox 584 3673 718 3750; x_wconf 85' lang='lat' dir='ltr'>collegit:</span> <span class='ocrx_word' id='word_1_321' title='bbox 739 3672 822 3730; x_wconf 88' lang='lat' dir='ltr'>novis</span> <span class='ocrx_word' id='word_1_322' title='bbox 835 3667 997 3727; x_wconf 88' lang='lat' dir='ltr'>delectibus</span> <span class='ocrx_word' id='word_1_323' title='bbox 1009 3683 1079 3744; x_wconf 80' lang='lat' dir='ltr'>pau·</span> 
     </span>
     <span class='ocr_line' id='line_1_43' title="bbox 163 3750 614 3812; baseline -0.002 -2"><span class='ocrx_word' id='word_1_324' title='bbox 163 3751 210 3810; x_wconf 88' lang='lat' dir='ltr'>eis</span> <span class='ocrx_word' id='word_1_325' title='bbox 223 3750 329 3810; x_wconf 85' lang='lat' dir='ltr'>diebus</span> <span class='ocrx_word' id='word_1_326' title='bbox 342 3753 449 3812; x_wconf 90' lang='lat' dir='ltr'>multos</span> <span class='ocrx_word' id='word_1_327' title='bbox 459 3753 614 3812; x_wconf 75' lang='lat' dir='ltr'>conuexit.</span> 
     </span>
    </p>
   </div>
   <div class='ocr_carea' id='block_1_5' title="bbox 0 0 1344 4304">
    <p class='ocr_par' dir='ltr' id='par_1_6' title="bbox 0 0 1344 4304">
     <span class='ocr_line' id='line_1_44' title="bbox 0 0 1344 4304; baseline 0 2"><span class='ocrx_word' id='word_1_328' title='bbox 0 0 1344 4304; x_wconf 95' lang='lat' dir='ltr'> </span> 
     </span>
    </p>
   </div>
  </div>
 </body>
</html>
