2692 4306
446 391 502 458 VI.
539 402 567 458 1.
613 396 810 479 (Lysander.)
1044 407 1087 468 27

175 557 252 615 pace
266 539 316 598 diu
337 539 583 600 desideraverunt.
624 542 692 601 Fuit
711 543 789 600 enim
801 553 880 602 tanta
899 544 1080 618 liberalitato,

175 637 263 692 qumn
287 619 482 694 compluribus
505 619 579 678 locis
596 621 705 696 predia
725 620 879 697 hortosque
899 622 1029 697 haberet,
1049 637 1080 684 ut

173 715 330 771 numquam
342 698 374 754 in
396 698 440 755 eis
461 698 611 756 custodem
630 699 799 775 imposuerit
813 700 922 758 fructus
943 705 1079 762 serv'endi

172 775 277 850 gratia,
290 795 329 832 ne
343 776 409 851 quis
429 776 623 853 impediretur,
638 796 695 852 quo
714 778 809 836 minus
824 781 887 856 ejus
908 781 1003 853 rebus,
1017 784 1078 857 qoi-

170 855 224 910 bus
245 854 370 928 quisque
384 855 482 925 vellet,
502 855 652 914 frueretur.
694 857 817 932 Semper
839 877 904 916 eum
925 860 1077 936 pedisequi
1096 867 1114 920 2

169 947 238 988 cum
252 933 378 990 nummis
393 943 459 990 sunt
475 935 577 1005 secuti,
591 946 630 1006 ut,
644 935 671 992 si
684 935 748 1009 quis
765 936 829 1011 opis
848 937 911 1012 ejus
925 938 1075 1014 indigeret,

167 1009 384 1085 haberet,quod
392 1012 488 1070 statim
498 1013 630 1084 daretne
639 1014 949 1073 differendovideretur
958 1035 1075 1093 negare.

169 1089 272 1165 Saepe,
296 1109 383 1164 quum
407 1091 531 1164 aliquem
555 1092 696 1150 offensum
720 1092 831 1150 fortuna
852 1093 971 1168 rideret,
981 1097 1076 1154 minus

167 1169 246 1225 bene
259 1169 497 1259 restitunysuum
511 1171 664 1228 anticulum
677 1171 766 1230 dedit.
788 1171 931 1253 Quotidie,
939 1170 982 1230 sic
994 1193 1076 1234 coena
1097 1179 1114 1233 5

167 1246 197 1302 ei
213 1249 402 1321 coquebatur,
413 1257 452 1318 ut,
463 1267 535 1322 quos
549 1249 697 1307 invocatos
711 1250 835 1308 vidisset
847 1251 878 1308 in
891 1249 963 1322 foro,
973 1269 1074 1312 omnes
1194 1258 1197 1264 '

166 1325 344 1384 devocaret:
380 1326 456 1400 quod
477 1326 575 1385 facere
597 1329 706 1386 nullum
731 1329 809 1386 diem
834 1331 1073 1404 pratennittebet.

167 1403 258 1460 Nulli
270 1403 343 1462 fides
358 1405 431 1480 ejus,
445 1405 518 1464 nulli
537 1425 635 1482 opera,
648 1407 720 1464 nulli
740 1426 788 1464 res
802 1407 951 1465 familiaris
966 1408 1074 1480 desuit;

166 1483 278 1540 multos
297 1483 501 1558 locupletavit;
522 1485 685 1559 complures
705 1503 848 1561 pauperes
868 1496 1003 1555 mortuos,
1017 1489 1075 1560 qui,

167 1560 252 1618 unde
277 1561 450 1632 efferrentur,
472 1581 531 1620 non
558 1562 753 1636 reliquissent,
775 1581 828 1620 suo
849 1573 944 1620 sumtu
965 1564 1074 1624 extudit.

168 1639 225 1696 Sic
238 1658 272 1696 se
286 1639 411 1714 gerendo
424 1641 543 1699 minime
559 1650 605 1698 est
617 1640 787 1712 mirandum,
797 1640 824 1698 si
839 1651 868 1698 et
880 1641 939 1698 vita
950 1641 1013 1718 ejus
1023 1641 1076 1701 fuit
1094 1647 1114 1706 4

165 1735 286 1789 secura,
302 1727 331 1776 et
343 1737 420 1776 mors
435 1719 550 1777 acerba.

353 2143 439 2220 VI.
494 2145 886 2223 LYSANDER.

542 2347 710 2358 ——o-——n

460 2469 774 2530 ARGUMENTUM.

168 2603 270 2663 cAP.
280 2603 307 2661 Ι.
318 2604 491 2661 Athenarum
498 2604 601 2668 victam
616 2601 781 2658 decemviros
792 2600 1074 2660 &mandatoribus

207 2685 333 2760 imponit.
365 2681 410 2739 ΙΙ.
435 2681 566 2742 Crudelis
579 2683 610 2738 in
624 2679 755 2736 Thasios.
790 2677 853 2736 III.
874 2679 970 2756 Reges
980 2681 1073 2739 tollere

208 2773 235 2819 et
249 2760 389 2819 oraculum
402 2779 571 2836 corrumpere
585 2769 719 2826 conatum
740 2769 887 2816 oocnsntas
900 2759 1071 2818 absolvitur:
1090 2797 1094 2803 -

207 2841 367 2897 oecfflituro
379 2837 527 2896 Thebanis.
554 2837 612 2896 IV.
626 2835 1072 2916 LysanderPltnmobozifroude

207 2939 238 2976 se
251 2920 310 2996 ipse
323 2928 445 2975 occnsot.

208 3047 232 3104 I.
266 3046 426 3123 Lysander,
451 3045 698 3116 Lacedaemonius,
725 3065 859 3122 magnam
885 3045 1000 3120 reliquit
1023 3045 1069 3104 sui
1092 3051 1105 3104 l

166 3125 281 3196 samam,
302 3125 395 3202 magis
419 3125 568 3200 felicitate,
590 3143 675 3200 quam
694 3124 799 3182 virtute
820 3133 939 3201 partam.
981 3124 1070 3182 Athe-

165 3204 288 3262 nienses
303 3204 382 3262 enim
394 3203 426 3262 in
446 3203 676 3278 Peloponnesios
697 3213 780 3260 sexto
795 3213 824 3260 et
836 3201 976 3260 vicesimo
994 3221 1068 3260 anno

165 3284 275 3340 bellum
302 3293 438 3358 gerentes
459 3281 623 3340 confeoisse
644 3291 771 3357 apparet.
822 3279 858 3338 Id
881 3299 936 3354 qua
959 3282 1069 3339 rationo

168 3372 342 3418 consecutus
357 3360 404 3432 sit,
418 3361 498 3418 latet.
539 3361 607 3418 Non
627 3361 705 3418 enim
725 3360 827 3416 virtute
849 3359 895 3416 sui
915 3360 1069 3429 exercitus,
1089 3365 1107 3418 2

167 3439 221 3496 sed
248 3439 431 3496 immodestia
454 3439 560 3496 factum
582 3449 628 3496 est
651 3437 887 3508 adversariorum,
915 3437 972 3512 qui,
995 3438 1070 3512 quod

169 3517 246 3574 dioto
262 3517 412 3575 audientes
433 3518 649 3594 imperatoribus
671 3517 733 3574 suis
753 3535 812 3574 non
834 3529 922 3586 erant,
937 3515 1071 3591 dispalati

167 3595 198 3652 in
212 3597 300 3672 agris,
314 3597 425 3654 relictis
445 3597 577 3666 navibus,
598 3597 628 3653 in
648 3595 773 3652 hostium
787 3605 927 3652 venerunt
946 3602 1071 3679 potesta·

167 3683 237 3732 tem.
278 3675 344 3742 Quo
358 3674 434 3732 facto
449 3675 645 3732 Athenienses
659 3693 692 3731 se
708 3672 938 3730 Lacedaemoniis
952 3669 1070 3727 dedide-

169 3763 242 3812 runt.
273 3753 339 3812 Hac
350 3753 470 3812 victoria
485 3753 636 3830 Lysander
650 3753 753 3823 elatus,
763 3769 850 3824 quum
861 3757 945 3810 anton
956 3764 1071 3827 semper
1091 3753 1107 3810 3
