2692 4306
538 353 565 418 1.
587 359 618 418 4.
641 353 871 437 (Miltodes.)
940 399 943 408 .
1099 363 1135 420 ιι

227 503 335 582 oppida
355 503 464 562 tuenda
486 501 663 572 tradidisset,
686 501 800 578 quibus,
824 521 858 559 se
882 519 1033 579 oppresso,
1056 503 1137 562 nulla

228 603 298 660 spes
320 583 423 642 salutis
444 583 661 658 relinqueretur.
707 581 745 640 ln
771 581 828 639 hcc
855 581 909 638 fuit
934 592 994 639 tum
1016 599 1137 640 numero

228 663 390 734 Miltiades,
400 681 449 720 cm
440 661 510 720 illa
524 661 655 718 custodia
669 659 856 726 crederetur.
877 661 937 719 Hrc
945 679 1032 736 quum
1043 661 1137 719 crebri
1157 664 1176 720 3

228 742 367 800 afferrent
378 741 481 811 nuntii,
494 741 570 798 male
589 757 651 797 rem
672 757 774 816 gerere
796 739 925 810 Darium,
939 741 1086 816 premique
1102 741 1138 798 ab

229 821 362 896 Scythis,
376 785 526 878 Miltiades
541 819 668 876 hortatus
684 829 729 876 est
726 818 837 904 pontis
849 819 995 889 custodes,
1005 837 1043 877 ne
1055 839 1072 876 a
1082 819 1138 878 ior·

228 910 298 957 tuna
316 900 412 957 datam
432 897 618 956 occasionem
635 879 792 955 liberuhdae
816 897 936 955 Graecias
953 863 1137 957 dimitterent.

230 979 309 1036 Nam
323 978 356 1048 si
378 997 445 1035 curn
472 977 519 1034 his
542 977 645 1052 copiis,
667 995 738 1052 quas
766 995 867 1034 secum
888 987 1138 1054 transportaverat,
1158 979 1178 1036 t

229 1053 380 1117 interisset
400 1057 518 1126 Darius,
531 1074 590 1114 non
610 1057 703 1113 solum
724 1056 872 1132 Europam
892 1056 953 1114 fore
973 1065 1071 1128 tutam,
1086 1057 1141 1115 sed

229 1137 319 1195 etiam
333 1155 395 1206 eos,
409 1135 458 1210 qui
472 1134 573 1193 Asiam
586 1133 748 1192 incolerent
760 1135 855 1192 Graeci
869 1153 987 1212 genere,
1001 1136 1109 1194 liberos
1122 1155 1141 1194 a

231 1216 387 1274 Persarum
400 1214 510 1272 futuros
529 1203 723 1271 dominatione
738 1223 768 1272 et
779 1214 919 1290 periculo.
961 1215 995 1272 ld
1009 1226 1039 1272 et
1052 1215 1139 1272 facile

231 1295 310 1352 effici
329 1313 437 1384 posse;
457 1303 545 1382 ponte
567 1293 644 1350 enim
663 1293 802 1364 rescisso,
824 1311 924 1370 regem
944 1295 992 1352 vel
1013 1294 1140 1352 hostium

231 1373 317 1444 semo,
330 1373 396 1430 vel
388 1373 487 1448 rnopia
496 1371 598 1448 paucis
613 1371 738 1429 diebus'
729 1373 918 1430 mteriturum.
952 1373 998 1430 Ad
1006 1373 1063 1431 hoc
1072 1391 1140 1430 con·
1160 1377 1179 1430 5

234 1453 332 1510 silium
344 1471 429 1526 quum
442 1451 572 1534 plerique
588 1451 772 1522 accederent,
787 1451 929 1510 Histiaeus
944 1453 1091 1522 Milesius,
1100 1471 1140 1510 ue

233 1550 283 1588 res
303 1533 499 1620 conficeretur,
521 1527 641 1600 adstitit,
666 1495 786 1588 dicens’:
809 1549 868 1588 non
889 1529 995 1587 idem'
987 1532 1071 1606 ipsis,
1092 1531 1141 1606 qui

234 1629 360 1668 summas
374 1609 488 1686 imperii
501 1619 645 1679 tenerent,
660 1608 799 1684 expedire
819 1619 848 1666 et
866 1609 1048 1680 multitudini,
1066 1609 1142 1700 quod

235 1689 319 1747 Darii
331 1707 420 1765 reguo
434 1689 563 1764 ipsorum
582 1688 721 1746 niteretur
734 1687 908 1758 dominatio;
928 1707 984 1763 quo
999 1689 1142 1746 exstincto

232 1769 314 1844 ipsos
335 1779 478 1844 potestate
502 1767 641 1842 expulsos
664 1766 776 1824 civibus
804 1767 865 1824 suis
890 1787 991 1844 prunas
1016 1768 1140 1826 damros

203 1849 333 1934 ltaque
355 1847 429 1904 adeo
444 1866 477 1904 se
495 1845 649 1904 abhorrere
664 1865 681 1903 a
695 1857 856 1904 ceterorum
860 1847 1009 1932 consilio,
1023 1858 1054 1906 ut
1067 1847 1141 1906 nihil

230 1937 313 2003 putet
331 1925 405 2002 ipsis
425 1925 535 1996 utilius,
548 1943 633 2015 quam
654 1925 815 1984 confirmari
834 1945 955 2002 regnum
975 1927 1140 1985 Persarum.

232 2007 331 2082 Hujus
345 2024 431 2080 quum
445 2005 618 2062 sententiam
631 2004 745 2082 plurimi
755 2017 855 2062 essent
866 2007 969 2077 secuti,
981 2007 1141 2075 Miltiades,
1162 2008 1181 2064 6

230 2103 291 2143 non
305 2085 449 2156 dubitans,
458 2095 516 2141 tarn
529 2084 625 2141 multis
641 2084 769 2142 consciis
780 2085 817 2142 ad
830 2084 909 2161 regis
922 2103 1007 2142 aures
1017 2085 1143 2142 consilia

231 2184 287 2222 sua
300 2175 483 2240 perventura,
494 2163 709 2222 Chersonesum
722 2164 846 2239 reliquit,
857 2185 891 2222 ac
903 2181 1001 2222 rursus
1011 2164 1141 2222 Athenas

231 2243 414 2319 demigravit.
456 2243 547 2319 Cujus
567 2243 640 2300 ratio
660 2242 716 2300 etsi
732 2261 791 2300 non
803 2244 901 2314 valuit,
916 2254 1012 2301 tamen
1025 2261 1143 2319 magno-

231 2341 304 2399 pere
319 2334 365 2380 est
378 2321 529 2391 laudanda,
543 2339 630 2396 quum
644 2321 764 2380 amicior
775 2323 902 2380 onmium
914 2321 1049 2392 libertati,
1058 2341 1144 2397 quarn

233 2421 294 2459 suae
307 2401 394 2458 fuerit
407 2401 602 2458 dominationi.

245 2481 329 2576 IV.
346 2480 452 2538 Darius
466 2490 571 2550 autem,
580 2497 666 2553 quum
677 2497 715 2536 ex
723 2477 860 2554 Europa
852 2497 883 2536 ru
897 2478 999 2536 Asram
1008 2479 1143 2550 redisset
1165 2485 1180 2538 1
1205 2509 1213 2524 ·

109 2602 111 2606 .
143 2621 145 2624 ,
233 2535 412 2617 hortantibus
426 2559 539 2628 amicis,
547 2569 579 2616 ut
591 2557 734 2615 Graeciam
748 2555 916 2646 redigeret
909 2575 939 2614 m
953 2561 1144 2648 suampobes

234 2649 332 2709 tatem,
347 2639 473 2696 classem
486 2638 706 2714 quingentarum
726 2635 842 2694 navium
855 2637 1041 2712 comparavit,
1058 2638 1142 2713 eique

236 2718 336 2776 Datim
348 2717 478 2794 praefecit
491 2727 521 2774 et
541 2715 771 2792 Artaphemem3
792 2715 895 2791 hisque
917 2715 1042 2776 ducenta
1061 2717 1143 2794 pedi·

157 2817 161 2824 ·
235 2808 305 2867 tum,
322 2797 425 2855 decem
446 2795 528 2865 milia
548 2796 675 2870 equitum
693 2795 791 2853 dedit.
814 2813 934 2854 causam
955 2796 1148 2868 interserens,

236 2895 270 2934 se
281 2840 395 2934 hostem
409 2890 477 2934 esse
486 2861 725 2948 Athenieh'aibus,
733 2874 809 2950 quod
822 2893 922 2933 sorum
936 2875 1043 2934 auxilio
1054 2875 1143 2934 Iones

238 2955 338 3014 Sardis
348 2951 573 3032 expugnassent
584 2971 692 3028 suaque
702 2954 838 3030 praesrdra
848 2953 1072 3012 mterfecrssent
1094 2955 1143 3014 Illr
1162 2957 1182 3013 2

235 3033 364 3110 praelecti
377 3033 462 3110 regii,
473 3033 570 3090 classe
585 3033 623 3090 ad
638 3033 779 3090 Euboeam
787 3034 917 3110 appulsa,
927 3033 1062 3092 colenter
1070 3033 1144 3092 Ere-

235 3113 319 3170 triam
332 3123 480 3188 ceperunt,
494 3130 651 3187 omnesque
672 3113 735 3189 ejus
757 3113 852 3188 gentis
867 3113 948 3170 cives
963 3113 1096 3188 abreptos
1113 3111 1145 3170 in

236 3192 338 3250 Asiam
352 3192 389 3248 ad
402 3209 502 3268 regem
521 3191 670 3248 miserunt.
711 3191 784 3262 lude
805 3191 842 3248 ad
861 3191 987 3250 Atticam
1007 3210 1144 3250 accesse-

235 3282 309 3340 runt,
324 3290 358 3328 ac
373 3289 441 3327 suas
456 3269 556 3346 copias
571 3268 601 3326 in
616 3289 753 3360 'campum
772 3269 944 3328 Marathona
955 3271 1143 3328 deduxerunt.

236 3350 267 3408 ls
282 3315 365 3412 abest
378 3350 414 3406 ab
429 3349 535 3424 oppido
552 3349 669 3406 circiter
682 3349 763 3406 milia
775 3367 913 3424 passuum
927 3349 1030 3408 decem
1033 3354 1054 3416 J
1075 3350 1143 3408 Hoc
1164 3354 1182 3408 3

235 3429 357 3485 tumultu
371 3426 569 3486 Athenienses
583 3437 641 3484 tam
650 3427 819 3518 propinquo
833 3439 946 3504 tamque
960 3447 1064 3505 magno
1078 3447 1144 3517 per·

235 3507 306 3565 moti
320 3507 458 3564 auxilirun
467 3525 617 3582 nusquam,
627 3506 686 3564 nisi
697 3527 714 3562 a
706 3505 1153 3604 Lacedaemoniis,petivenqnt',t

236 3585 498 3662 Phidippidemque
520 3603 667 3643 cursorem
686 3586 749 3674 ejus
770 3587 896 3661 generis,
910 3587 959 3662 qul
978 3585 1101 3664 butgcdg
1090 3607 1147 3658 ιμιι

235 3675 385 3734 vocantur,
407 3663 647 3722 Lacedaemonem
668 3665 819 3743 miserunt,
838 3675 869 3722 ut
886 3665 1038 3734 nuntiaret,
1060 3683 1145 3738 quam

236 3744 329 3803 celeri
339 3761 411 3820 opus
423 3753 504 3801 esset
512 3743 629 3800 auxrlro
652 3743 739 3802 Dorm
747 3753 842 3800 autern
852 3752 952 3800 creant
962 3741 1064 3800 decem
1073 3761 1144 3818 prae·
1164 3747 1183 3805 t
