2692 4306
255 345 293 404 14
503 338 545 402 ΙΙ.
586 347 612 400 l.
648 339 908 417 (Ihemt'stocles.)

256 487 410 556 *oluntate
424 503 544 559 eamque
564 496 736 560 potestatem
754 484 881 542 bonitate
895 483 1046 543 retinebat.
1087 483 1153 541 Om·

254 583 309 622 nes
323 571 419 622 antem
432 574 461 621 et
474 564 613 622 habentur
628 575 657 620 et
669 563 802 620 dicuntur
813 562 936 638 tyranni,
950 562 999 637 qui
1013 571 1155 638 potestate

217 649 235 702 4
256 653 322 702 sunt
334 652 473 718 perpetua
485 643 517 700 in
531 661 567 698 ea
581 641 706 712 civitate,
721 661 784 716 quae
797 641 928 698 libertate
942 660 996 698 usa
1009 651 1064 698 est.
1095 640 1155 700 Sed

255 723 286 780 in
300 721 432 779 Miltiade
445 731 505 778 erat
519 739 605 794 quum
615 739 725 777 summa
738 719 910 788 humanitas,
920 729 981 776 tum
992 718 1066 776 mira
1079 737 1156 776 eom·

161 837 162 840 =
255 799 405 869 munius?
418 809 450 856 ut
463 817 549 856 nemo
566 809 626 856 tem
644 799 762 856 humilis
783 808 872 867 esset,
887 798 935 856 cui
954 815 1013 855 non
1033 797 1070 855 ad
1090 817 1155 857 eum

256 880 349 936 editus
369 888 498 952 pataret3
519 897 623 952 magna
637 877 791 936 auctoritas
806 877 881 952 apud
897 895 998 934 omnes
1013 875 1155 946 civitates,

254 957 351 1014 nobile
365 975 480 1026 nomen,
494 957 557 1014 laus
571 956 614 1014 rei
627 957 759 1014 militaris
773 956 908 1012 maxima.
946 955 1018 1012 Haee
1033 956 1155 1030 populns

255 1035 417 1111 respiciens
431 1035 531 1092 maluit
544 1053 611 1094 eum
624 1035 772 1094 innoxium
789 1034 888 1110 plecti,
902 1053 987 1108 quam
1001 1053 1034 1091 se
1049 1033 1156 1090 diutius

256 1133 323 1172 esse
337 1114 369 1171 in
382 1115 493 1172 timore.
529 1163 571 1213 ὴ

312 1370 1055 1474 tintinnisnocnns
1144 1321 1145 1325 Ὺ

633 1537 761 1548 ——u—

531 1641 842 1701 ARGUMENTUM.

260 1785 355 1844 GAP.
367 1785 393 1842 I.
408 1785 578 1843 Adolescens
586 1785 699 1842 libertus
707 1788 783 1842 vivit.
803 1787 1156 1865 Exheredutusrerpubl.se

295 1865 378 1921 dedit.
420 1863 464 1920 II.
490 1864 594 1920 Clarus
611 1865 754 1940 Corcyreo
768 1875 794 1920 et
812 1864 928 1922 Persico
947 1866 1023 1922 bello.
1065 1865 1155 1924 Inter·

290 1953 418 2020 pretatur
431 1942 570 1998 oraculum
583 1942 615 1998 de
629 1945 716 2000 muris
736 1943 837 2018 lignus
851 1945 881 2000 in
902 1945 968 2000 bello
987 1943 1104 2002 Persico
1121 1945 1156 2004 II

294 2021 332 2078 ad
344 2021 494 2078 servandos
508 2040 598 2078 eorum
613 2023 694 2078 cives.
729 2020 791 2078 III.
815 2022 971 2080 Secundum
979 2024 1106 2102 proelium
1120 2025 1156 2082 ud

294 2101 483 2156 Artemisium.
525 2098 546 2155 I
548 2099 581 2156 V.
611 2099 683 2158 Dolo
707 2099 829 2156 Xerxem
853 2103 938 2158 vincit
961 2103 1046 2176 jueta
1071 2103 1126 2160 Sal
1144 2136 1155 2147 -

249 2241 253 2252 Ι
294 2181 377 2234 mina.
417 2177 451 2234 V.
477 2177 824 2236 CallidonuntioXeruem
835 2181 1005 2257 detulitque
1019 2181 1155 2239 Gratiam

295 2257 401 2314 liberat.
446 2256 498 2314 VI.
520 2257 625 2315 Piraeei
640 2269 751 2334 portum
771 2270 798 2316 et
819 2279 912 2316 muros
925 2261 1097 2318 Athenarum
1111 2283 1155 2318 etr-

294 2339 388 2393 struit.
428 2335 628 2394 Lacedaemouii
640 2349 804 2414 repugnant.
844 2338 913 2395 VII.
935 2339 1156 2398 Lacedaemonios

294 2426 354 2472 urte
368 2415 480 2485 deludit,
495 2437 590 2492 eosque
604 2417 782 2493 reprehendit.
827 2417 915 2475 VIII.
941 2417 1111 2477 Ostraet'smo
1125 2422 1155 2476 iu

294 2495 420 2552 rusilium
438 2496 547 2570 ejectus,
562 2498 641 2552 varia
652 2494 732 2574 suga
751 2499 885 2572 agitatur.
927 2496 985 2554 IX.
1007 2498 1056 2554 Ad
1069 2500 1155 2554 Arta·

294 2595 402 2630 xerxem
420 2575 528 2632 litteras
542 2575 590 2632 dat
604 2575 705 2632 salutis
719 2596 813 2632 causa.
862 2575 904 2632 X.
925 2576 1026 2634 Multas
1039 2580 1157 2634 muueri-

295 2653 346 2710 bus
360 2653 394 2708 ud
408 2673 438 2709 ee
452 2665 574 2710 ornatur.
615 2654 768 2731 Magnesiae
783 2657 906 2712 moritur.

219 2803 231 2855 l
294 2797 318 2854 I.
360 2795 585 2865 Themistdcles,
600 2797 707 2852 Nebcli
721 2797 807 2865 filius,
823 2797 1023 2854 Atheniensis.
1059 2798 1154 2872 Hujus

257 2875 325 2932 vitia
335 2875 460 2931 ineuntis
473 2874 676 2930 adolescentie
687 2875 799 2949 magnis
811 2885 877 2930 sunt
888 2875 1038 2930 emendata
1046 2876 1154 2932 virtuti-

257 2969 318 3023 bne,
330 2953 402 3010 adeo
413 2947 627 3026 utinteleralur
637 2952 705 3008 huie
715 2971 809 3021 nemo,
820 2953 906 3026 pauci
916 2971 1001 3028 pares
1013 2964 1153 3027 putentur.

216 3038 234 3090 2
257 3032 318 3089 Sed
332 3025 367 3089 ah
381 3031 462 3088 initio
477 3042 522 3088 est
535 3031 712 3087 ordiendum.
743 3029 830 3087 Pater
845 3031 907 3106 ejus
923 3031 1052 3088 Nebcles
1067 3051 1153 3107 gene-

256 3131 338 3168 rosus
353 3111 414 3168 fuit.
446 3111 475 3167 Is
489 3127 608 3166 uxorem
622 3107 823 3165 Acharninam
838 3109 932 3165 civem
946 3109 1033 3178 duxit,
1049 3129 1152 3186 exque

255 3207 339 3246 natus
359 3201 404 3246 est
420 3188 646 3246 Themistoclen
689 3187 747 3252 Qui
769 3206 855 3262 quum
876 3188 970 3244 minus
992 3199 1072 3245 esset
1091 3208 1153 3264 pro·

255 3269 337 3325 batus
352 3267 526 3343 parentibus,
542 3267 616 3340 quod
634 3276 663 3322 et
681 3266 800 3322 liberius
814 3267 938 3335 vivebat,
953 3277 982 3323 et
995 3285 1057 3323 rem
1075 3267 1155 3324 sami·

219 3351 234 3404 ‘d
255 3347 356 3404 liarem
370 3346 544 3422 negligebat,
560 3365 577 3400 a
597 3355 677 3420 patre
697 3344 889 3401 exheredatus
905 3356 959 3402 est.
1001 3345 1074 3410 Quae
1088 3365 1155 3402 eon·

256 3425 373 3482 tumelia
392 3443 450 3480 non
470 3425 555 3499 fregit
575 3443 649 3492 eum,
665 3423 718 3480 sed
739 3423 841 3480 erexit.
882 3423 959 3480 Nam
977 3443 1062 3498 quum
1079 3423 1155 3500 jndi-

256 3513 362 3572 casset,
377 3503 441 3559 sine
457 3519 567 3559 summa
585 3502 725 3558 industrie
742 3521 799 3558 non
817 3520 906 3576 posse
922 3521 985 3558 eam
1000 3501 1155 3576 exstingui,

256 3591 344 3640 totum
357 3601 389 3638 se
404 3581 514 3639 dedidit
528 3581 702 3656 reipublice,
717 3581 883 3655 diligentius
898 3580 999 3638 amicis
1018 3579 1155 3656 famaeque

594 3723 665 3771 *An
677 3724 783 3771 comitas
