2680 4304
302 357 412 425 XXV.
457 366 483 422 1.
527 357 580 441 (T.
597 357 794 444 Pomponius
808 359 958 442 Atticus.)
1045 367 1088 428 ⁹⁷

170 513 273 574 multis
294 521 424 572 tentatus
446 531 504 571 non
524 511 609 572 modo
629 512 746 572 nullum
765 513 971 574 detrimentum
990 516 1089 574 existi·

171 593 309 652 metionis
323 588 403 664 iecit,
418 591 478 662 sed,
492 591 589 669 quoad
602 593 684 663 vixit,
698 593 840 652 virtutum
854 593 942 652 laude
956 595 1060 652 crevit.

209 671 265 732 111.
288 669 324 731 In
338 672 474 730 omnibus
488 671 576 730 rebus
589 671 733 748 singulari
747 671 802 730 iuit
823 673 977 748 prudentia
995 683 1025 732 et
1045 674 1087 732 in-
1110 680 1126 734 1

170 753 295 812 dustria.
332 749 363 809 N
366 770 414 808 am
428 760 457 808 et
471 750 601 828 agricola
614 751 727 822 sollers,
741 761 771 810 et
785 752 954 829 reipublicae
967 753 1086 829 peritus,

169 843 199 892 ct
220 832 301 910 juris
324 829 486 900 consultus,
501 840 531 888 et
550 847 677 907 magnus
698 831 862 908 imperator,
877 841 906 889 ct
931 831 1088 908 probabilis

169 925 278 981 orator,
290 919 320 968 et
330 908 538 985 cupidissimus
551 908 714 967 litterarum
729 909 792 968 fuit.
814 909 949 974 Quarum
959 910 1086 970 studium
1107 917 1126 971 2

169 993 223 1050 etsi
237 990 337 1048 senior
348 989 523 1065 arripuerat,
539 997 637 1045 tamen
661 999 775 1046 tautum
799 1006 986 1066 progressum
1007 989 1085 1060 iecit,

171 1081 203 1129 ut
226 1087 287 1128 non
308 1066 396 1125 facile
411 1068 541 1143 reperire
566 1067 666 1143 possis,
681 1085 776 1144 ueque
797 1067 833 1124 de
855 1067 976 1138 Graecis‚
991 1087 1087 1144 neque

170 1149 206 1208 de
220 1148 335 1208 italicis
355 1147 452 1215 rebus,
467 1145 543 1222 quod
564 1146 592 1205 ei
613 1143 702 1204 fuerit
723 1147 915 1226 incognitum.
957 1147 1006 1206 Ab
1020 1147 1085 1206 ado-

170 1227 315 1288 lescentia
338 1223 466 1284 confecit
489 1225 644 1283 orationes.
684 1225 781 1284 Senex
802 1226 937 1284 historias
957 1227 1086 1285 scribere
1106 1231 1126 1286 3

170 1307 305 1374 instituit,
320 1323 446 1382 quarum
469 1313 537 1362 sunt
560 1303 627 1396 libri
652 1314 773 1397 septem.
824 1303 939 1364 Primus
960 1305 1087 1364 continet

173 1382 585 1538 isffltttliitll
598 1381 759 1522 itti
770 1384 1086 1538 &thili‘it‘ttz

174 1559 232 1600 nes
246 1539 381 1617 Origines
390 1539 503 1598 videtur
512 1540 687 1617 appellasse.
707 1539 742 1600 Iu
752 1550 857 1617 quarto
868 1550 967 1600 autem
977 1540 1087 1599 bellum

174 1621 333 1678 Poenicum
352 1620 494 1696 primum3
517 1619 555 1688 in,
572 1619 674 1694 quinto
688 1619 863 1678 secundum.
905 1619 1005 1696 Atque
1023 1619 1086 1680 heo
1106 1623 1125 1678 t

170 1699 274 1756 omnia
294 1698 474 1774 capitulatim
494 1707 563 1757 sunt
584 1697 673 1756 dicta.
716 1697 901 1774 Reliquaque
922 1697 999 1757 bella
1023 1698 1086 1776 pari

169 1777 258 1836 modo
280 1787 452 1856 persecutus
464 1787 518 1848 est,
534 1795 628 1852 usque
650 1775 687 1834 ad
710 1787 867 1854 praeturam
892 1777 957 1836 Ser.
973 1777 1084 1848 Galbae,

166 1858 220 1934 qui
234 1856 355 1934 diripuit
375 1855 542 1914 Lusitanos.
585 1855 685 1932 Atque
705 1857 810 1914 horum
832 1856 974 1916 bellorum
995 1855 1086 1916 duces

167 1955 227 1994 non
241 1935 413 2006 nominavit,
425 1935 477 1992 ssd
487 1935 551 1992 aine
561 1935 727 1994 nominibus
741 1953 788 1994 res
798 1937 917 1994 notavit.
939 1935 973 1994 lu
981 1935 1084 1994 iisdem

166 2015 313 2092 exposuit,
329 2032 398 2090 quae
422 2015 452 2071 in
473 2012 558 2072 ltalia
582 2011 790 2091 Hispaniisque
804 2015 974 2074 viderentur
994 2014 1083 2074 adori-

167 2093 273 2152 randa.
314 2092 348 2152 ln
362 2093 471 2169 quibus
484 2092 577 2150 multa
592 2092 734 2152 industria
748 2103 777 2152 et
797 2093 948 2171 diligentia
967 2111 1083 2170 compa·

167 2183 221 2243 ret,
236 2171 331 2230 multa
344 2171 488 2232 doctrina.
531 2171 630 2248 Hujus
644 2171 680 2230 de
694 2173 755 2230 vita
767 2181 796 2230 et
810 2173 938 2231 moribus
952 2172 1039 2248 plura
1052 2172 1083 2230 in
1103 2174 1123 2228 t

165 2271 202 2310 eo
216 2253 292 2310 libro
302 2252 451 2328 persecuti
464 2269 577 2320 sumus,
587 2269 675 2326 quem
689 2251 847 2328 separatim
861 2252 897 2308 de
911 2269 945 2309 co
961 2249 1084 2309 lecimus

167 2340 272 2408 rogatu
294 2329 357 2389 Titi
371 2327 519 2406 Pomponii
534 2330 637 2388 Attici.
678 2329 781 2396 Quare
804 2329 946 2388 studiosos
965 2329 1084 2388 Catonis

166 2409 205 2468 ad
219 2409 294 2468 illud
308 2409 446 2468 volumen
459 2408 642 2488 delegamus.

114 2893 120 2903 ,
176 2805 299 2883 XXV.
354 2809 402 2882 T.
430 2805 774 2882 POMPONIUS
801 2804 1088 2883 ATTIOUS.

208 3121 233 3182 l.
259 3121 293 3181 T.
314 3120 487 3196 Pomponius
510 3121 633 3192 Atticus,
653 3121 690 3178 ab
717 3119 829 3197 origine
856 3121 960 3180 ultima
985 3121 1082 3198 stirpis
1103 3127 1119 3181 1

169 3201 312 3260 Romanae
338 3213 505 3279 generatus,
536 3211 673 3278 perpetuo
700 3218 718 3256 a
745 3198 904 3275 majoribus
931 3209 1082 3277 acceptam

169 3291 335 3357 equestrem
349 3281 473 3338 obtinuit
487 3280 667 3356 dignitatem.
690 3276 776 3338 Patre
791 3296 862 3336 usus
875 3287 920 3336 est
933 3277 1079 3356 diligente,
1100 3285 1120 3339 2

169 3360 349 3438 indulgente,
364 3369 402 3429 et,
417 3370 449 3418 ut
463 3370 525 3418 tum
538 3367 623 3416 erant
646 3367 785 3434 tempora,
799 3356 860 3428 diti,
881 3358 1081 3435 imprimisque

169 3439 297 3497 studioso
322 3439 496 3496 litterarum.
538 3435 607 3508 Hic,
632 3447 716 3513 prout
740 3437 801 3512 ipse
823 3437 939 3494 amabat
960 3436 1079 3508 litteras,

169 3518 304 3576 omnibus
317 3517 465 3586 doctrinis,
480 3516 586 3592 quibus
606 3515 727 3592 puerilis
741 3526 811 3574 aetas
832 3515 972 3591 impertiri
985 3515 1080 3587 debet,

170 3595 264 3654 fllium
274 3595 412 3654 erudivit.
434 3595 508 3654 Erat
522 3605 619 3654 autem
633 3595 664 3652 in
677 3613 776 3672 puero,
786 3605 891 3670 praeter
903 3592 1079 3654 docilitatem
1099 3599 1118 3656 8

170 3675 291 3752 ingenii,
305 3693 421 3733 summa
434 3675 564 3733 suavitas
577 3673 635 3732 oris
651 3693 688 3732 ac
701 3673 790 3742 vocis,
806 3681 836 3729 ut
855 3689 912 3728 non
925 3670 1019 3730 solum
1032 3691 1080 3732 ce.

170 3751 272 3814 leriter
285 3752 442 3830 acciperet,
455 3771 523 3831 quac
530 3751 726 3822 tradebantur,
741 3750 791 3810 sed
801 3750 890 3808 etium
903 3748 1082 3814 excellenter
