2680 4304
398 312 507 378 XXII.
553 321 579 388 l¹
595 321 625 378 2.
672 311 879 397 (Hamilcar.)
1048 322 1091 384 et

327 703 502 778 ΧΧΙΙ.
555 704 947 780 HAMILCAR.

560 891 719 904 ”un——

218 1017 244 1076 1.
282 1015 443 1086 Hamilcar,
467 1013 642 1074 Hannibalis
659 1017 752 1109 filias,
777 1019 947 1094 cognomine
971 1018 1090 1087 Bareas,
1114 1023 1126 1076 1

175 1096 442 1173 Carthaginiensis,
467 1096 559 1171 primo
584 1094 703 1153 Poenioo
727 1095 811 1166 bello,
837 1096 887 1154 sed
914 1098 1091 1175 temporibus

177 1177 331 1245 extremis,
355 1174 509 1232 admodum
532 1173 766 1232 adolescentulus
788 1175 817 1232 in
840 1175 942 1234 Sicilia
966 1195 1089 1253 praeesse

179 1255 270 1331 coepit
284 1253 439 1312 exercitui.
481 1253 583 1318 Quum
598 1263 664 1310 ante
679 1255 744 1329 eJ‘us
762 1253 918 1311 adventum
932 1265 961 1313 et
975 1255 1047 1313 utari
1061 1263 1090 1312 et
1110 1259 1129 1310 2

179 1343 263 1391 terra
283 1333 358 1390 mele
380 1350 428 1389 res
441 1341 615 1408 gererentur
637 1331 932 1410 Carthaginiensium,
947 1334 1017 1410 ipse,
1039 1334 1089 1390 ubi

182 1410 277 1480 affuit,
283 1429 442 1487 numquam
451 1411 525 1468 hosti
539 1411 628 1468 cessit
641 1429 737 1487 neque
751 1411 848 1470 locum
857 1411 978 1469 nocendi
992 1412 1087 1483 dedit3

184 1507 323 1564 saepeque
343 1489 513 1547 econtrario
533 1489 686 1547 occasione
706 1489 774 1547 data
796 1489 951 1558 lacessivit,
966 1509 1089 1566 semper-

185 1587 246 1642 que
260 1568 389 1644 superior
411 1567 550 1626 discessit.
593 1567 661 1633 Quo
684 1567 768 1638 facto,
783 1587 874 1644 quum
896 1587 977 1644 paene
995 1569 1091 1626 omnia

182 1646 214 1703 in
230 1645 333 1704 Sicilia
346 1646 427 1704 Poeni
446 1647 619 1718 amisissent,
633 1647 684 1704 ille
698 1647 828 1722 Erycem
843 1648 886 1704 sic
910 1646 1044 1717 defendit,
1060 1657 1091 1704 ut

182 1725 294 1782 bellum
308 1744 342 1782 eo
355 1725 418 1784 loco
438 1735 553 1802 gestum
566 1745 624 1784 nou
638 1725 797 1784 videretur.
839 1725 958 1784 Interim
972 1725 1090 1784 Cartha·
1111 1729 1129 1782 3

177 1804 337 1880 ginienses,
365 1805 460 1862 classe
486 1805 563 1882 apud
587 1805 699 1863 insulas
726 1805 847 1881 AEgates
867 1825 886 1862 a
905 1805 939 1863 C.
963 1804 1090 1874 Lutatio,

178 1883 301 1940 consule
326 1881 537 1954 Romanorum,
560 1885 698 1960 superati,
721 1894 884 1942 statuerunt
913 1885 980 1942 belli
1003 1885 1091 1941 tinem

179 1960 288 2032 facere,
309 1980 433 2038 eamque
456 1981 518 2019 rem
532 1964 650 2020 arbitrio
672 1965 877 2039 permisserunt
900 1963 1089 2022 Hamilcaris.

179 2039 243 2110 Ille,
259 2041 313 2099 etsi
328 2042 472 2118 flagrabat
497 2041 622 2099 bellandi
642 2042 807 2118 cupiditate,
823 2051 919 2100 tamen
944 2043 1010 2119 paci
1031 2059 1089 2098 ser-

181 2120 320 2178 viendum
346 2122 468 2196 putavit,
496 2121 572 2197 quod
601 2122 724 2197 patriam
751 2121 922 2180 exhaustam
949 2121 1092 2179 sumtibus

179 2197 291 2258 diutius
313 2199 496 2258 calamitates
518 2199 587 2260 belli
610 2198 686 2258 ferre
711 2219 768 2258 non
792 2219 873 2275 posse
895 2200 1090 2276 intelligebat:

179 2277 231 2336 sed
253 2275 352 2348 ita,'ut
370 2279 467 2336 statim
482 2287 578 2336 mente
599 2281 731 2356 agitaret,
746 2279 771 2336 si
793 2277 924 2354 paullum
948 2278 1031 2335 modo
1046 2295 1092 2333 res
1112 2278 1131 2331 4

179 2367 277 2415 essent
291 2356 417 2427 reiectae,
430 2357 539 2416 bellum
554 2376 694 2416 renovare
709 2357 912 2432 &manesque
928 2357 1016 2413 armis
1029 2373 1091 2430 per·

179 2437 274 2511 sequi,
289 2435 427 2494 donicum
442 2446 492 2494 aut
511 2446 590 2494 certe
604 2437 751 2505 vicissent,
767 2445 817 2492 aut
837 2436 906 2492 vieti
929 2451 1032 2491 manus
1045 2432 1091 2489 de-

180 2515 300 2572 dissent.
342 2514 408 2573 Hoc
422 2515 543 2573 consilio
568 2533 670 2591 pacem
685 2514 860 2583 conciliavit,
875 2514 906 2570 in
929 2531 987 2589 qua
1011 2512 1131 2568 tantab

181 2593 236 2651 fuit
247 2593 364 2663 ferocia,
374 2613 466 2670 quum
475 2594 600 2652 Catulus
609 2603 729 2670 negaret
740 2593 849 2650 bellum
858 2591 1091 2668 compositurum,

180 2673 238 2730 nisi
253 2672 302 2730 ille
317 2690 385 2730 oum
399 2673 470 2742 suis,
481 2674 532 2750 qui
546 2672 677 2748 Erycem
691 2681 857 2741 tenuerunt,
871 2672 960 2728 armis
974 2670 1091 2738 relictis,

180 2751 285 2810 Sicilia
299 2751 480 2822 decederent,
496 2762 537 2822 ut,
551 2753 759 2809 succumbente
783 2751 884 2827 patria,
902 2751 963 2826 ipso
985 2750 1090 2826 peritu-
1112 2750 1130 2804 6

181 2849 249 2888 rum
270 2849 301 2888 se
325 2831 419 2907 potius
432 2830 545 2900 dixerit,
561 2849 650 2906 quam
663 2849 732 2890 curn
756 2840 833 2888 tanto
853 2829 961 2908 flagitio
974 2829 1090 2887 domam

181 2909 298 2967 rediret.
339 2908 407 2968 Non
431 2911 509 2967 euim
533 2928 595 2968 sure
618 2929 682 2967 esse
703 2910 826 2979 virtutis,
848 2927 929 2966 arma
953 2927 970 2965 a
999 2910 1091 2984 patria

181 2998 304 3065 accepta
327 2987 466 3046 adversus
490 2989 585 3046 hostes
609 2987 783 3047 adversariis
813 2987 937 3046 tradere.
992 2988 1091 3064 Hujus

180 3067 349 3145 pertinaciae
363 3069 449 3126 cessit
462 3067 596 3126 Catulus.

222 3144 261 3204 ll.
284 3147 326 3204 At
350 3147 411 3218 ille,
433 3157 465 3204 ut
486 3146 695 3223 Carthaginem
715 3147 802 3216 venit,
823 3145 915 3203 multo
936 3145 1027 3214 aliter,
1053 3163 1089 3202 ac
1112 3150 1125 3203 1

181 3225 326 3299 sperabat,
341 3225 551 3302 rempublicam
566 3245 598 3282 se
612 3226 766 3284 habentem
779 3225 922 3304 coguovit.
953 3224 1090 3300 Namque

181 3302 371 3362 diuturnitate
386 3305 499 3362 externi
514 3303 592 3361 mali
605 3313 717 3362 tantum
731 3305 839 3362 exarsit
851 3305 1017 3361 intestinum
1032 3303 1089 3359 bel·

181 3382 255 3451 lum,
271 3393 303 3440 ut
322 3401 482 3459 numquam
508 3383 571 3459 pari
594 3383 724 3460 periculo
749 3381 836 3442 suerit
858 3383 1013 3459 Carthago,
1035 3381 1090 3438 nisi

181 3479 274 3536 quum
289 3461 384 3519 deleta
398 3472 451 3519 est.
494 3461 591 3519 Primo
605 3463 780 3520 mercenarii
794 3463 909 3532 milites,
924 3463 975 3538 qui
989 3459 1089 3518 adver·
1111 3464 1129 3515 2

181 3558 233 3597 sus
258 3539 404 3599 Romanos
429 3539 553 3610 inerant,
573 3540 775 3600 desciverunt:
804 3559 928 3619 quorum
952 3555 1091 3596 numerus

181 3628 246 3676 erat
259 3619 363 3695 viginti
380 3619 515 3676 millium.
557 3618 598 3676 Hi
620 3630 708 3677 totam
723 3621 926 3678 abalienarunt
947 3614 1090 3683 Africam,

182 3697 275 3774 ipsam
297 3697 504 3774 Carthaginem
529 3707 742 3775 oppugnarunt.
784 3698 901 3764 Quibus
914 3694 1000 3752 malis
1021 3691 1093 3748 adeo
1113 3693 1131 3746 3
