2692 4306
448 961 866 1048 PRAEFATIO.

547 1200 781 1222 Ἤ

496 1373 808 1440 ARGUMENTUM.

197 1539 309 1598 Auctor
320 1543 461 1617 scripturo
470 1563 571 1620 genus,
586 1564 639 1621 quo
652 1565 723 1605 uene
736 1559 785 1620 est,
800 1559 827 1608 et
838 1569 941 1624 rerum,
956 1573 1026 1630 quae
1038 1573 1102 1630 per.

238 1641 349 1692 occutus
362 1643 410 1706 eet,
425 1635 562 1695 Ζευίῑαιεηι
580 1649 693 1698 excusat
707 1659 813 1700 morum
829 1641 988 1704 Grecorcm
1005 1655 1032 1705 ct
1044 1645 1102 1706 Ro-

237 1730 378 1772 nunonem
391 1716 562 1776 meone.

235 1880 260 1941 Ι.
283 1881 357 1943 Non
371 1883 479 1957 dubito,
495 1885 555 1945 fore
572 1887 734 1966 plerosque,
751 1891 858 1963 Attice,
874 1892 924 1970 qui
938 1893 993 1954 hoc
1006 1913 1103 1974 genus
1123 1901 1137 1956 1

193 1987 348 2064 scriptume
361 1987 427 2047 leve
441 2000 470 2048 et
483 2009 540 2050 non
557 1993 627 2050 setis
641 1991 761 2071 dignum
778 2011 958 2056 summorum
971 2001 1102 2059 virorum

191 2092 326 2168 personis
340 2093 481 2170 judicent,
496 2115 587 2190 qunm
606 2096 730 2157 relatum
747 2099 853 2180 legent,
872 2103 939 2179 quis
957 2105 1102 2164 musicem

191 2195 328 2256 docuerit
342 2197 592 2278 Epaminondam
614 2212 665 2262 aut
679 2203 709 2262 in
726 2204 792 2282 ejus
805 2207 961 2268 virtutibus
975 2229 1102 2269 comme·

108 2277 118 2300 ¹
187 2301 309 2373 morari,
323 2301 448 2360 saltasse
470 2321 537 2360 eum
558 2303 708 2362 commode
729 2305 914 2380 scienterque
934 2303 1014 2362 tibiis
1033 2323 1102 2362 con·

188 2415 283 2464 tasse.
293 2421 310 2466 tf
337 2405 398 2465 Sed
424 2407 456 2466 hi
485 2417 568 2465 erunt
594 2407 667 2479 fere,
693 2408 752 2484 qui,
780 2419 916 2486 expertes
943 2408 1140 2468 litterarum

192 2511 372 2584 Graecarum,
395 2511 469 2570 nihil
493 2522 613 2583 rectum,
637 2512 697 2570 nisi
720 2511 797 2588 quod
823 2511 953 2588 ipsorum
975 2511 1102 2571 moribus

192 2617 360 2688 conveniat,
373 2620 521 2694 putabunt.
547 2617 590 2676 Hi
604 2617 630 2675 si
645 2617 808 2688 didicerint,
821 2635 881 2676 non
895 2615 998 2674 eadem
1011 2616 1102 2676 omni·
1122 2621 1139 2675 3

190 2723 248 2779 bus
263 2741 330 2780 esse
343 2721 468 2780 honeste
482 2733 566 2798 atque
576 2723 680 2798 turpia,
691 2721 745 2780 sed
759 2722 855 2780 omnia
868 2723 1007 2799 majorum
1020 2721 1102 2782 insti·

191 2825 264 2884 tutis
275 2821 410 2904 judicari,
423 2846 483 2886 non
497 2827 718 2898 admirabuntur,
731 2845 785 2885 nos
802 2825 834 2884 in
850 2826 1002 2908 Graiorum
1014 2826 1102 2886 virtu-

191 2931 271 2990 tibus
292 2931 473 3008 exponendis
492 2950 590 2990 mores
611 2951 710 2990 eorum
730 2942 858 2990 secutos.
899 2931 1005 3008 Neque
1023 2932 1102 2990 enim
1121 2936 1139 2990 4

193 3035 311 3094 Cimoni
331 3035 386 3094 suit
404 3046 498 3112 turpe,
515 3035 739 3094 Atheniensium
759 3053 870 3094 summo
885 3036 959 3108 viro,
973 3054 1102 3094 sororem

192 3159 360 3217 germanam
379 3138 488 3230 habene
509 3141 540 3198 in
558 3140 757 3199 matrimonio:
786 3141 891 3217 quippe
912 3159 999 3216 quum
1019 3141 1101 3199 cives

192 3247 259 3323 ejus
282 3245 386 3304 eodem
406 3255 554 3304 uterentur
571 3243 711 3304 instituto.
752 3246 791 3303 At
810 3244 842 3303 id
859 3245 976 3321 quidem
993 3245 1101 3304 nostris

191 3349 320 3410 moribus
330 3350 414 3410 nefas
428 3350 559 3410 habetur.
580 3351 699 3427 Magnis
711 3351 742 3410 in
754 3351 887 3410 leudibus
897 3357 958 3409 toti
970 3350 1032 3410 sere
1047 3350 1102 3410 fuit
1121 3357 1140 3409 5

194 3455 320 3528 Graeoii,
333 3455 476 3514 victorem
490 3455 633 3534 Olympiae
648 3456 749 3527 citari;
771 3455 802 3514 in
817 3475 936 3514 scenam
948 3475 1019 3515 vero
1036 3473 1102 3533 pro·
1163 3473 1166 3479 ’

193 3553 258 3645 dig
272 3571 302 3620 et
317 3561 425 3640 populo
440 3580 508 3620 esse
522 3561 701 3640 spectaculo,
713 3560 824 3620 nemini
838 3561 869 3620 in
882 3561 996 3620 eisdem
1009 3561 1102 3638 genti·
1136 3576 1140 3585 ·

191 3667 248 3726 bus
275 3666 329 3726 suit
353 3665 531 3744 turpitudini.
588 3666 661 3733 Quae
689 3665 787 3724 omnio
813 3666 890 3743 apud
915 3683 971 3724 nos
998 3665 1102 3741 partim
