2692 4306
279 353 322 414 40
574 346 633 412 IX.
654 353 685 412 4.
728 347 876 428 (Conon.)

274 505 411 564 manaret,
424 495 547 552 valebat.
588 494 692 568 Neque
716 493 747 552 id
768 493 938 564 mirandum,
958 494 985 552 si
1007 513 1066 552 non
1089 495 1178 556 facilc

275 575 311 632 ad
325 572 500 632 credendum
513 571 716 643 adducebatur,
735 571 938 643 reminiscens,
952 574 1015 649 ejus
1036 593 1069 630 se
1090 592 1178 649 opera

237 657 253 712 2
276 654 385 728 Cyrum
418 651 534 708 fratrom
560 669 725 726 superasse.
780 651 876 726 Hujus
900 651 1059 708 accusandi
1087 654 1177 727 gratia

276 733 375 789 Conon
388 749 406 786 a
415 729 601 787 Pharnabazo
610 729 647 786 ad
657 747 755 804 regem
768 729 884 799 missus,
895 732 1178 805 posteaquamvanit,

274 809 396 884 primum
410 826 448 865 ex
460 825 539 864 more
562 808 717 865 Persarum
737 807 774 863 ad
785 807 995 877 -chiliarchnn,
1009 807 1058 882 qui
1073 828 1179 867 secun·

274 887 341 944 dum
355 886 473 961 gradum
487 885 601 960 imperii
608 887 733 955 tenebat,
742 885 929 945 Tithrausten
938 886 1075 956 accessit,
1086 905 1177 961 saque

274 965 399 1022 ostendit
413 983 479 1022 cum
491 982 561 1039 rego
576 962 701 1038 colloqui
714 963 802 1021 vella.
842 964 938 1022 Nemo
952 964 1031 1022 euim
1041 965 1105 1022 sine
1119 965 1176 1022 hoc

236 1049 253 1102 3
275 1043 439 1100 admittitur.
489 1041 568 1100 Huic
590 1041 651 1111 ille,
675 1042 761 1111 nulla,
780 1041 881 1116 inquit,
894 1063 971 1100 mora
984 1054 1045 1111 est5
1076 1044 1126 1100 sed
1146 1055 1177 1100 tu

274 1123 402 1192 delibera,
415 1131 508 1178 atram
528 1120 643 1196 colloqui
661 1120 752 1190 mdis,
773 1141 811 1178 aa
819 1140 872 1197 per
892 1121 1001 1179 litteras
1013 1141 1104 1199 agere,
1117 1143 1176 1197 que

275 1203 391 1276 cogitas.
432 1199 553 1256 Necesse
566 1210 608 1256 est
621 1201 701 1268 enirn,
711 1200 779 1256 siin
792 1210 963 1275 conspectam
972 1202 1088 1270 amris,
1098 1221 1177 1257 neae·

275 1281 334 1336 rari
347 1290 373 1336 te
393 1298 484 1354 regem
507 1276 596 1353 (quod
610 1295 631 1333 e
647 1281 750 1344 οςκυνεῖν
765 1276 810 1334 illi
823 1277 950 1353 vocant).
991 1277 1055 1335 Hoc
1078 1281 1105 1336 si
1114 1280 1178 1348 ,ribi

271 1378 359 1433 grave
372 1367 423 1426 est,
442 1376 495 1434 per
507 1375 548 1413 me
568 1356 628 1414 cilt'
672 1357 763 1414 secius
782 1357 866 1413 editis
888 1357 1028 1414 mndais
1040 1339 1176 1436 edeficics,

236 1441 255 1494 4
275 1437 347 1512 quod
367 1435 473 1493 stades.
514 1434 591 1492 Tum
612 1434 723 1504 Conon,
747 1436 815 1492 milti
837 1455 909 1504 vero,
933 1433 1034 1510 inquit,
1056 1455 1111 1492 non
1134 1447 1177 1494 est

271 1533 368 1590 grove,
381 1515 503 1589 quemuis
516 1513 642 1570 Ιιοποναη
654 1513 752 1570 habere
764 1515 826 1590 regi
833 1535 843 1581 ;
857 1514 908 1570 sed
916 1533 1017 1584 uereor,
1025 1535 1059 1571 ne
1069 1515 1177 1572 civitati

275 1613 338 1650 mee
351 1595 390 1651 sit
403 1593 554 1669 opprobrio,
567 1593 603 1661 si,
616 1611 699 1667 quum
718 1612 751 1649 ec
765 1613 797 1649 eo
810 1594 863 1650 mm
873 1591 1023 1669 prtffectas,
1036 1613 1094 1668 que
1108 1605 1177 1650 cete-

275 1675 317 1729 ris
325 1673 457 1748 gentibus
467 1673 599 1747 imperare
610 1673 786 1740 consueverit,
793 1669 1084 1747 potissimumum,
1095 1691 1177 1747 qaum

189 1740 210 1764 '³
274 1751 445 1884 augiam
456 1747 579 1827 fungor.
620 1749 730 1823 Itaque,
743 1768 805 1823 quae
821 1748 915 1826 [huic]
930 1750 1054 1820 volebat,
1068 1750 1174 1826 scripta

274 1840 317 1886 tra
337 1846 347 1884 1
368 1838 399 1884 rt.

238 1911 246 1964 '.
315 1906 369 1963 IV.
421 1904 534 1972 Quibus
558 1903 693 1980 cognitis,
714 1922 768 1962 rex
787 1915 896 1962 tantum
919 1903 1086 1964 auctoritate
1111 1907 1175 1982 ejus

298 2014 336 2054 ³94
393 1993 486 2042 motus
504 1992 559 2052 est,
573 1993 606 2040 ut
619 1993 648 2040 et
661 1982 891 2059 Tissaphernem
903 1983 1018 2042 hostem
1027 1984 1176 2060 judicave-

274 2074 294 2103 ι
307 2063 331 2104 ὓ·
346 2075 368 2104 ¹¹·
393 2062 439 2132 rit,
460 2071 490 2118 et
503 2059 740 2119 Lacedaemonios
750 2063 827 2120 bollo
847 2063 983 2138 persequi
1003 2063 1132 2139 jusserit,
1146 2075 1176 2120 et

275 2139 303 2196 ei
312 2139 483 2215 permiserit,
491 2159 577 2214 quem
584 2140 683 2210 vellet,
693 2139 802 2216 eligere
814 2141 1176 2218 addispensendampecu·

274 2217 361 2276 niam.
402 2217 437 2276 ld
446 2218 592 2276 arbitrium
603 2219 705 2276 Conon
714 2220 831 2294 negavit
843 2219 890 2278 sui
904 2239 972 2277 esse
987 2219 1112 2289 consilii,
1121 2221 1176 2278 sed

274 2297 376 2372 ipsius,
389 2298 438 2372 qui
451 2298 557 2373 optime
572 2316 640 2355 suos
653 2316 742 2355 nosse
757 2297 892 2368 deberet;
913 2298 967 2355 sed
987 2318 1021 2356 so
1041 2299 1175 2369 suadere,

235 2381 253 2434 2
276 2375 463 2434 Phumabazo
482 2376 514 2434 id
532 2375 642 2453 negotii
662 2377 752 2434 daret.
793 2377 872 2434 Hinc
883 2377 996 2453 magnis
1009 2378 1175 2434 munoribus

275 2455 395 2514 donatus
410 2454 446 2512 ad
459 2474 538 2512 mare
555 2467 601 2513 est
613 2455 731 2525 missus,
744 2465 775 2513 ut
789 2455 916 2531 Cypriis,
931 2465 960 2514 et
976 2454 1174 2526 Phoenicibus,

275 2533 436 2608 ceterisque
449 2534 598 2592 maritimis
614 2533 778 2604 ciuitatibus
792 2553 881 2591 naves
895 2534 997 2610 longas
1008 2533 1175 2609 imperaret,

274 2613 464 2686 classemque,
475 2631 531 2686 qua
543 2612 672 2688 proxima
685 2623 784 2670 aestate
797 2631 876 2670 maro
889 2611 964 2670 tueri
977 2623 1086 2688 posset,
1098 2631 1175 2670 com·

274 2700 404 2766 pararet:
426 2690 492 2746 dato
513 2691 640 2766 adjutore
657 2690 854 2760 Pharnabazo,
868 2689 1021 2766 sicutipse
1035 2691 1174 2748 voluerat.

237 2771 253 2825 3
274 2767 309 2826 Id
321 2777 353 2824 ut
374 2767 604 2826 Lacedaemoniis
626 2779 671 2826 est
694 2769 861 2840 nuntiatum,
875 2768 1016 2828 non'siue
1031 2787 1174 2826 curarem

275 2845 514 2916 administratum,
535 2847 611 2920 quod
636 2848 729 2922 majus
755 2849 864 2905 bellum
886 2847 1035 2906 imminere
1058 2848 1175 2906 arbitra·

273 2925 383 2993 bantur,
396 2925 521 2998 quamsi
534 2944 600 2982 cum
613 2925 732 2983 barbaro
745 2926 839 2983 solum
853 2926 1068 2985 contenderent.
1097 2926 1175 2984 Nam

274 3003 379 3060 ducem
398 3001 500 3060 sortem
518 3002 742 3079 prudentemque
756 3003 847 3080 regiis
861 3003 963 3080 opibus
983 3005 1174 3080 praefuturum‚

274 3101 309 3139 ac
324 3099 424 3138 secum
447 3080 646 3140 dimicaturum
658 3081 802 3154 videbant,
823 3102 909 3158 quem
931 3102 1027 3158 neque
1041 3082 1174 3152 consilio,

236 3164 367 3234 lneque
392 3157 485 3235 copiis
508 3179 644 3236 superare
668 3171 798 3236 possent.
839 3161 905 3219 Hac
925 3172 1021 3219 mente
1041 3180 1174 3238 magnam

297 3268 335 3308 ῃ
393 3238 1174 3316 contrahuntclassem3proficiscuntruPisandroduce.

273 3327 294 3358 ’-
306 3318 330 3358 ⁰·
342 3328 364 3356 ¹¹·
394 3315 458 3373 Hos
476 3317 578 3375 Conon
592 3317 668 3394 apud
689 3318 814 3376 Cnidum
827 3318 941 3375 adortus
955 3336 1059 3394 magno
1072 3316 1175 3394 proelio

274 3392 362 3468 fugat,
385 3395 488 3452 multas
509 3415 599 3453 nares
623 3396 709 3472 capit,
733 3397 896 3471 complures
917 3395 1060 3471 deprimit.
1109 3395 1173 3460 Qua

275 3471 394 3530 victoria
416 3491 475 3530 uon
498 3475 591 3531 solum
614 3474 744 3546 Athena,
772 3475 825 3532 sed
853 3475 941 3532 etiam
965 3484 1069 3532 cuncta
1096 3471 1172 3530 Grae·

275 3550 330 3620 cia,
344 3569 406 3625 quae
420 3553 473 3608 sub
494 3551 777 3610 Lacsdaemom'ornm
796 3553 889 3610 suerat
908 3552 1038 3628 imperio,
1055 3551 1173 3608 liberata

238 3631 330 3686 hest.
372 3629 475 3688 Conon
488 3649 555 3686 cum
574 3641 655 3706 parts
668 3631 785 3688 narium
798 3631 829 3688 iu
842 3629 1175 3705 patriamvonit,muros
1239 3667 1250 3689 .

274 3705 382 3765 dirutos
397 3727 415 3764 a
436 3707 596 3784 Lysandro,
610 3718 746 3782 utrosque
767 3718 797 3765 et
818 3707 922 3766 Piraei
938 3718 968 3764 et
989 3707 1175 3772 Athenarum,
1241 3730 1253 3756 -·
