2692 4306
380 359 457 457 xrr.
483 368 510 438 1,
525 368 555 438 2,
570 365 601 424 e.
621 399 623 404 .
645 358 836 442 (ceam)
1013 367 1056 430 ts

195 507 218 568 l.
261 506 415 577 Chabrias,
428 505 627 565 Atheniensis.
668 505 728 565 Hic
751 525 863 582 qnoque
885 505 1058 568 insumatis
1079 513 1092 570 1

158 586 268 646 habitus
280 596 327 644 est
334 585 465 655 ducibus,
473 603 577 660 resque
584 585 688 643 multas
696 585 835 642 memoria
842 585 944 661 dignas
955 587 1057 664 gessit.

158 665 215 724 Sed
225 663 558 724 exhiselucetmaxime
566 663 938 740 iuventumejusinproelio,
1004 691 1042 730 m

155 743 227 818 quod
241 743 321 818 apud
341 743 460 799 Thebas
474 741 553 811 fecit,
566 760 652 816 quum
671 741 793 800 Bteotiis
809 743 938 800 subsidio
970 750 991 780 ι
1003 740 1028 780 ⁰·
1040 751 1055 780 ¹

152 821 297 878 'venisset
339 820 471 893 Namque
496 819 528 876 in
542 838 577 876 eo
590 820 711 876 victoria
730 819 837 878 fidente
857 819 968 878 summit
981 821 1056 878 duce
1076 826 1094 878 2

154 899 306 974 Agesilao,
314 897 420 972 fugatis
428 898 532 974 jamab
541 915 576 954 eo
586 897 768 955 conductitiis
778 899 910 968 catervis,
918 899 1058 974 reliquam

153 977 331 1054 phalangem
354 977 420 1032 loco
440 977 529 1033 vetuit
550 975 665 1044 cedere,
685 975 845 1050 obnixoque
867 995 945 1052 genu
964 988 1056 1047 scuto,

153 1056 284 1133 projecta
308 1053 393 1110 hasta
410 1054 547 1130 impetum
571 1053 707 1130 excipere
729 1053 855 1112 hostium
876 1055 982 1114 docuit.
1022 1055 1058 1114 Id

153 1151 258 1192 novum
267 1131 426 1208 Agesilaus
440 1144 580 1190 contuens
593 1132 727 1209 progredi
739 1151 799 1190 non
809 1143 855 1190 est
867 1152 964 1204 ausus,
975 1151 1057 1192 suos·

153 1229 208 1286 que
219 1212 283 1288 jam
298 1211 478 1268 incurrentes
491 1212 558 1268 tuba
571 1211 726 1269 revocavit.
766 1211 834 1270 Hoc
847 1230 937 1286 usque
952 1231 989 1270 eo
999 1221 1058 1270 tota
1077 1216 1095 1270 3

156 1289 273 1348 Gracia
293 1288 369 1346 sama
382 1288 557 1346 celebratum
571 1298 625 1360 est,
638 1300 669 1346 ut
688 1289 739 1348 illo
752 1299 827 1348 statu
842 1289 983 1348 Chabrias
1001 1289 1059 1348 sibi

156 1377 281 1424 statuam
293 1367 356 1424 fieri
367 1366 500 1437 voluerit,
520 1386 581 1442 quas
603 1367 718 1443 publice
733 1368 762 1426 ei
781 1369 817 1425 ab
831 1367 1057 1426 Atheniensibus

157 1445 191 1502 in
213 1445 277 1502 iore
301 1445 450 1502 constituta
463 1455 518 1503 est.
559 1445 685 1520 Exque
707 1445 814 1503 iactrm
827 1455 882 1516 est,
902 1457 935 1503 nt
957 1457 1059 1522 postea

161 1523 277 1581 athletae
288 1524 427 1598 ceterique
436 1524 563 1582 artifices
573 1523 621 1582 his
629 1522 748 1581 statibus
762 1524 794 1581 in
802 1522 903 1581 stataria
915 1523 1059 1599 ponendis

159 1612 317 1671 uterentur,
330 1603 428 1675 quibus
439 1601 590 1659 victoriam
604 1611 704 1659 essent
718 1601 824 1677 adepti.

197 1680 239 1738 ll.
263 1679 401 1738 Chabrias
413 1691 509 1738 autern
518 1681 607 1738 multa
619 1680 651 1738 in
665 1679 783 1758 Europa
794 1679 872 1738 bella
882 1678 1060 1738 adminisua·
1082 1683 1095 1738 l

157 1757 204 1828 rit,
218 1777 307 1833 quum
320 1758 378 1815 dux
391 1758 613 1816 Atheniensium
637 1769 734 1829 esset;
757 1757 789 1816 in
808 1759 939 1835 AEgypte
999 1781 1038 1824 m

155 1855 207 1894 sua
227 1847 333 1912 sponte
359 1835 461 1913 gessit.
511 1837 590 1894 Nam
610 1837 792 1896 Nectenebin
815 1837 941 1915 adjutum
976 1833 1059 1874 Μ

154 1915 313 1991 profectus,
339 1933 460 1991 regnum
487 1916 516 1973 ei
540 1915 694 1974 constituit.
747 1916 832 1974 Fecit
854 1917 932 1974 idem
956 1914 1097 1992 Cyprii

155 1994 207 2052 sed
225 1994 347 2070 publice
368 1993 644 2052 ab'Atheniensibus
669 1995 808 2071 Euagora
830 1995 941 2072 adjutor
977 2025 1040 2076 [m

156 2071 259 2143 datus3
280 2091 375 2147 neque
396 2073 476 2148 prius
497 2072 565 2130 inde
587 2072 733 2143 discessit,
747 2092 832 2149 quam
851 2084 940 2132 totam
964 2073 1058 2124 ²⁰⁴³

156 2151 283 2208 inarrlarn
295 2152 373 2208 bello
387 2150 571 2208 devinceret:
597 2170 652 2226 qua
666 2171 704 2209 ex
723 2171 755 2208 re
769 2151 966 2210 Athenienses
978 2170 1058 2229 mag·

154 2247 220 2287 nam
243 2229 368 2306 gloriam
380 2239 447 2286 sunt
469 2229 575 2304 adepti.
615 2229 735 2288 interim
746 2231 855 2288 bellurn
867 2230 942 2287 inter
990 2261 1027 2300 ,ω
1079 2232 1098 2286 3

157 2308 318 2384 AEgyptios
332 2317 363 2364 et
377 2307 484 2365 Persas
498 2308 714 2365 conflatumest.
743 2307 941 2365 Athenienses
964 2318 985 2348 ι
1001 2310 1026 2349 0·
1037 2319 1060 2349 ¹·

156 2405 221 2444 cum
229 2388 393 2444 Artaxerxe
402 2385 572 2444 societatem
584 2386 745 2455 habehant3
767 2383 982 2442 Lacedaemonii
995 2401 1061 2442 cum

155 2463 320 2541 AEgyptiis,
347 2482 365 2520 a
394 2463 496 2538 quibus
522 2482 642 2540 magnas
675 2463 786 2539 predas
813 2461 980 2538 Agesilaus,
1008 2479 1061 2519 rex

156 2561 267 2612 eorum,
281 2541 415 2600 faciebat.
455 2538 491 2598 ld
500 2542 615 2600 intuens
630 2540 780 2611 Chabrias,
794 2558 880 2616 quum
894 2538 925 2596 in
937 2556 969 2596 re
981 2537 1061 2597 nulla

157 2620 299 2696 Agesilae
323 2621 450 2690 cederet,
476 2639 530 2677 sua
559 2629 661 2696 sponte
689 2637 741 2677 eos
766 2618 892 2696 adjutum
914 2616 1060 2694 profectus

157 2699 309 2776 AEgyptiae
322 2698 412 2756 classi
425 2697 545 2774 prefuit,
557 2697 739 2774 pedestribus
754 2697 846 2774 copiis
860 2695 1026 2774 Agesilaus.

196 2778 257 2836 111.
297 2777 374 2835 Tum
396 2775 525 2852 praefecti
548 2775 627 2853 regis
652 2777 761 2834 Persic
782 2777 894 2853 legatos
920 2775 1093 2836 miseranti

159 2855 291 2914 Athenas
323 2865 464 2930 questum,
496 2855 573 2930 quod
608 2853 749 2913 Chabrias
783 2855 935 2912 adversum
960 2872 1060 2931 regem

158 2933 267 2992 bellum
275 2943 390 3010 gereret
399 2951 465 2990 cunr
475 2933 635 3010 AEgyptiis.
656 2933 853 2992 Athenienses
864 2932 942 2990 diem
952 2944 1060 2992 certam

160 3011 293 3070 Chabriae
306 3012 525 3087 praestituerunt,
539 3031 624 3087 quam
638 3022 702 3070 ante
718 3011 832 3070 domum
849 3009 909 3069 nisi
924 3009 1059 3082 redisset,

159 3090 264 3166 capitis
291 3109 325 3147 se
351 3091 433 3148 illum
460 3089 640 3148 damnaturos
668 3089 876 3148 denuntiarunt.
917 3088 984 3147 Hoc
1007 3089 1058 3147 ille

159 3168 258 3226 nuntio
282 3168 412 3226 Athenas
436 3168 530 3238 rediit,
553 3187 648 3243 nsque
672 3167 713 3226 ibi
733 3168 839 3226 diutius
860 3177 906 3226 est
923 3177 1060 3239 moratus,

159 3265 243 3320 quam
255 3245 309 3304 luit
321 3266 458 3304 necesse.
498 3247 566 3304 Non
578 3247 654 3304 enim
667 3247 790 3304 libenter
803 3256 864 3304 erat
877 3255 943 3304 ante
957 3245 1058 3304 oculos
1077 3250 1097 3304 2

160 3325 266 3382 civium
288 3343 420 3384 auorum:
449 3325 525 3400 quod
549 3335 578 3382 et
600 3325 715 3382 vivebat
735 3325 822 3395 laute,
847 3335 876 3382 et
894 3324 1060 3400 indulgebat

160 3402 215 3460 sibi
228 3403 387 3474 liberalius,
400 3422 485 3480 quam
502 3412 534 3460 ut
546 3403 684 3460 invidiam
697 3403 776 3480 uulgi
798 3412 899 3479 posset
919 3403 1057 3478 effugere.

161 3479 215 3538 Est
238 3481 318 3539 enim
343 3481 400 3538 hoc
424 3499 574 3538 commune
594 3481 695 3539 vitium
717 3481 748 3538 in
768 3482 880 3558 magnis
902 3481 1059 3552 liberisque
1080 3483 1098 3538 3

161 3557 334 3630 civitatibus,
344 3570 375 3617 nt
383 3559 491 3617 invidia
504 3559 601 3636 gloriae
616 3578 714 3617 comes
728 3560 775 3629 sit,
787 3553 816 3617 et
828 3559 952 3618 libenter
965 3557 1001 3613 de
1012 3553 1060 3613 his

161 3635 318 3708 detrahant,
339 3656 411 3713 quos
432 3638 560 3696 eminere
579 3637 695 3696 videant
719 3638 821 3706 altius;
845 3654 940 3710 neque
964 3631 1061 3690 animo

163 3731 238 3796 aquo
257 3734 402 3798 pauperes
417 3715 543 3774 alienam
555 3715 732 3790 epulantium
751 3715 895 3772 intuuntur
908 3711 1059 3770 sermnem.
