2680 4304
278 395 337 454 no
380 385 489 454 ιιι.
525 392 634 464 ron,
650 393 698 453 n.
737 385 1116 471 (armanno.)

272 543 318 615 rii,
333 543 389 622 Q]
410 541 568 613 Hortensii,
589 541 664 600 Auli
687 541 840 618 Torquati,
861 539 1019 598 multorum
1041 549 1182 618 praeterea

271 623 401 700 equitum
416 622 614 680 Romanorum
627 621 743 698 negotia
754 629 934 696 procuraret.
974 618 1023 676 Ex
1036 637 1095 696 quo
1105 619 1182 694 judi·

270 702 333 761 cari
352 709 472 778 poterat,
486 717 544 759 non
566 700 681 770 Inertis,
696 698 746 758 sed
765 697 877 776 judicio
891 697 1000 776 fugisse
1014 697 1183 774 reipublicae

271 782 514 858 procurationem.

234 860 249 913 l
312 858 615 918 millemortuus
634 875 703 916 vero
720 855 836 914 nullum
860 854 963 914 afferre
986 854 1082 931 majus
1103 856 1180 914 testi·

271 939 400 996 monium
413 955 539 1016 possum,
548 955 637 1014 quam
650 935 727 1013 quod
741 935 910 994 adolescens
924 933 1002 992 idem
1012 935 1075 992 seui
1089 934 1183 993 Sullae

271 1016 359 1075 inerit
370 1016 609 1093 jucundissimus,
624 1033 714 1074 senex
728 1013 904 1072 adolescenti
921 1012 963 1070 M.
977 1011 1070 1071 Bruto
1078 1031 1088 1087 3
1110 1031 1183 1072 cum

270 1098 433 1173 aequalibus
446 1105 543 1154 autern
557 1096 628 1164 suis,
643 1093 682 1160 Q.
697 1093 851 1151 Hortensio
863 1101 893 1151 et
912 1090 955 1150 Μ.
970 1091 1123 1162 Cicerone,
1138 1092 1184 1150 sio

270 1176 383 1245 vixerit,
399 1185 431 1233 ut
446 1174 582 1253 judicare
601 1173 719 1231 difficile
733 1173 779 1241 sit,
793 1172 844 1230 cui
859 1170 936 1229 atati
959 1169 1047 1229 fuerit
1066 1172 1183 1248 aptissi-

231 1254 250 1308 2
270 1273 346 1312 mus.
387 1253 576 1330 Quamquam
590 1271 659 1310 eum
673 1252 819 1328 praeoIpue
833 1250 934 1308 dilexit
953 1249 1068 1320 Cicero,
1088 1259 1121 1308 ut
1142 1268 1184 1309 no

270 1333 361 1391 l'rater
373 1333 492 1410 quidem
505 1333 544 1390 ei
557 1331 688 1397 Quintus
706 1331 802 1388 carior
823 1327 910 1388 luerit
924 1337 975 1387 aut
998 1327 1184 1387 familiarior.

231 1411 249 1465 3
270 1412 309 1472 Εἰ
330 1413 373 1470 rei
392 1421 460 1470 sunt
479 1409 595 1481 indicio,
611 1419 715 1487 praeter
734 1427 785 1467 eos
803 1408 901 1478 libros,
922 1408 954 1465 in
972 1407 1130 1484 quibusda
1144 1428 1200 1467 eo-

270 1490 339 1550 iacit
359 1491 543 1560 mentionem,
563 1489 616 1565 qui
635 1489 666 1546 in
679 1487 787 1566 vulgus
807 1487 820 1564 [
824 1486 901 1564 jam]
923 1496 992 1545 sunt
1015 1486 1094 1558 editi,
1114 1505 1184 1546 aex-

269 1570 365 1630 decim
378 1570 528 1629 volumina
548 1568 744 1646 epistolarum,
766 1567 803 1625 ab
822 1565 976 1626 consulatu
999 1565 1065 1642 ejus
1086 1583 1185 1643 usque

270 1649 307 1707 ad
328 1660 492 1708 extremum
511 1657 626 1724 tempus
640 1646 676 1705 ad
698 1646 831 1704 Atticum
845 1645 1016 1704 missarum:
1037 1663 1105 1722 quaa
1127 1645 1185 1722 qui

270 1727 356 1806 legat,
367 1747 423 1786 non
437 1727 563 1786 multum
570 1725 713 1784 desideret
726 1725 875 1784 historiam
883 1732 1048 1784 contextam
1060 1723 1184 1782 illorum

230 1806 249 1857 4
270 1816 442 1882 temporum.
477 1806 528 1864 Sic
542 1805 620 1863 enim
634 1805 733 1861 omnia
746 1804 782 1862 de
795 1803 898 1862 studiis
911 1803 1085 1881 principum,
1099 1803 1184 1862 vitiis

269 1884 388 1954 ducum,
398 1885 602 1942 mutationibus
622 1882 790 1958 reipublioae
800 1878 963 1960 'perscripta
973 1891 1050 1953 sunt,
1061 1891 1094 1941 ut
1103 1882 1181 1940 nihil

269 1965 299 2021 in
320 1964 357 2021 iis
369 1981 426 2021 non
441 1972 588 2040 appareat,
607 1972 636 2020 et
657 1959 744 2019 facile
758 1962 920 2020 existimari
940 1959 1037 2039 possit,
1054 1961 1182 2039 pruden-

269 2042 339 2100 tiam
353 2040 562 2118 quodammodo
575 2059 639 2099 esse
653 2040 870 2098 divinationem.
902 2039 971 2099 Non
984 2041 1063 2099 enim
1074 2039 1183 2100 Cicero

269 2141 305 2179 ea
325 2121 427 2189 solum,
442 2138 508 2198 quae
522 2119 587 2178 vivo
609 2139 640 2178 se
655 2119 833 2189 acciderunt,
848 2118 948 2178 lutura
971 2119 1112 2198 praedixit,
1126 2119 1182 2180 sed

180 2259 187 2266 ,
269 2200 366 2270 etiam,
381 2218 446 2276 quae
459 2217 539 2257 nunc
554 2217 610 2256 usu
624 2200 753 2269 veniunt,
768 2199 884 2270 cecinit,
900 2208 933 2258 ut
945 2208 1038 2258 vates.

232 2277 246 2330 1
310 2277 406 2338 XVII.
428 2278 473 2338 De
495 2279 601 2356 pietate
624 2287 720 2336 autem
735 2277 827 2336 AttIci
848 2277 919 2354 quid
943 2278 1028 2354 plura
1050 2296 1180 2337 comme·

270 2357 401 2417 moreml
426 2377 517 2436 quum
531 2357 586 2416 hoc
602 2358 698 2436 ipsum
711 2375 780 2416 vere
801 2356 974 2434 gloriantem
987 2356 1131 2416 audierim
1147 2357 1181 2414 ιιι

271 2437 372 2496 lunere
394 2437 495 2497 matris
518 2455 588 2508 suae,
610 2455 698 2514 quam
719 2435 823 2494 extulit
846 2454 988 2495 annorum
1010 2436 1180 2513 nonaginta,

269 2535 361 2594 quum
374 2527 448 2576 esset
467 2526 577 2594 septem
598 2527 627 2574 et
640 2517 800 2594 sexaginta,
814 2533 847 2573 se
860 2533 1021 2593 numquam
1033 2533 1104 2574 cum
1117 2533 1179 2572 ιιιι-

269 2607 313 2655 tra
334 2596 504 2674 ingratiam
523 2594 640 2665 redisse,
659 2613 819 2672 numquam
832 2611 901 2652 cum
921 2612 1020 2653 sorore
1034 2592 1124 2652 luisse
1146 2593 1179 2652 in

233 2674 424 2746 Isimultate,
449 2691 538 2752 quam
561 2691 649 2751 prope
674 2673 816 2751 aequalem
839 2672 973 2732 habebat.
1027 2670 1115 2740 Quod
1134 2682 1181 2732 est

269 2755 394 2830 signum,
409 2762 460 2811 aut
479 2751 592 2810 nullam
606 2771 745 2828 umquam
759 2753 897 2810 intereos
910 2752 1120 2829 querimoniam
1133 2752 1177 2810 in-

269 2831 444 2901 tercessisse,
459 2840 510 2889 aut
530 2831 610 2890 hunc
634 2850 671 2888 ea
694 2830 784 2889 ιιιιιιο
797 2831 829 2888 ιιι
847 2848 915 2890 auos
928 2830 1119 2909 indulgentia,
1133 2840 1176 2900 ut,

232 2909 249 2963 n
289 2927 341 2968 uos
354 2927 453 2968 amare
466 2909 592 2980 deberet,
606 2909 695 2967 irasci
705 2911 747 2967 eis
760 2909 843 2968 nefas
856 2908 985 2969 duceret.
1027 2909 1134 2986 Neque
1147 2908 1178 2967 id

269 2930 339 3048 lecit
351 2997 457 3046 natura
470 2987 573 3057 solum,
588 3005 766 3064 quamquam
787 3007 888 3048 omnes
908 2990 937 3047 ei
958 3005 1104 3067 paremus,
1125 2987 1176 3046 sed

269 3068 357 3126 etiam
370 3066 512 3126 doctrina.
553 3066 633 3125 Nam
647 3076 676 3124 et
698 3067 862 3144 principum
885 3067 1118 3146 philosophorum
1136 3067 1177 3126 ita

270 3156 406 3225 percepta
418 3145 519 3204 habuit
537 3155 690 3224 praecepta,
705 3156 737 3204 ut
750 3147 787 3204 iis
801 3145 837 3205 ad
851 3147 941 3206 vitam
954 3146 1106 3225 agendam,
1119 3164 1177 3204 non

270 3225 306 3284 ad
319 3225 544 3296 ostentationem,
559 3233 701 3284 uteretur.

232 3307 247 3361 I
311 3302 421 3362 XVIII.
444 3301 534 3362 Moris
553 3305 642 3363 etiam
661 3303 805 3381 majorum
819 3323 951 3363 summus
972 3305 1100 3364 imitator
1123 3303 1177 3362 fuit

270 3383 504 3460 antiquitatisque
528 3392 655 3442 amator:
689 3401 778 3460 quam
805 3383 877 3442 adeo
898 3383 1053 3461 diligenter
1076 3383 1177 3442 habuit

270 3463 425 3541 cognitam,
439 3472 472 3521 ut
491 3481 557 3521 eam
570 3471 658 3522 totam
677 3463 709 3520 in
722 3481 758 3521 eo
771 3462 917 3521 volumine
931 3463 1106 3539 exposuerit,
1120 3479 1177 3538 quo

232 3543 250 3598 2
271 3542 457 3619 magistratus
470 3542 593 3602 ornavit.
624 3541 720 3600 Nulla
731 3543 810 3600 enim
823 3540 881 3611 lex,
895 3559 994 3617 neque.
1004 3559 1071 3618 pax,
1082 3558 1177 3618 neque

271 3620 390 3692 bellum,
404 3639 499 3698 neque
513 3639 560 3680 res
583 3621 704 3679 Illustris
717 3629 761 3678 est
780 3619 878 3698 populi
893 3619 1027 3690 Romani,
1041 3638 1108 3697 quae
1120 3636 1177 3678 non

271 3699 301 3755 ln
316 3719 351 3758 eo
363 3718 417 3758 suo
429 3709 557 3777 tempore
571 3702 608 3758 sit
621 3708 733 3758 notata:
753 3707 791 3770 et,
805 3697 882 3774 quod
895 3697 1100 3758 difficillimum
1114 3695 1177 3766 fuit,

270 3778 314 3835 sic
337 3777 514 3837 familiarum
528 3779 670 3856 originem
683 3777 841 3847 subtexuit,
861 3786 894 3834 nt
914 3795 952 3835 ex
972 3795 1008 3835 eo
1031 3777 1176 3836 clarorum
