2692 4306
396 337 490 401 Vlll.
516 345 547 401 2.
590 337 847 421 (Thrasybulus.)
1054 345 1096 404 37

191 484 361 544 vindicarat.
404 484 474 554 Sed,
498 483 600 541 nescio
624 501 680 558 quo
700 483 795 552 modo,
819 501 905 558 quum
926 503 993 542 eum
1011 503 1098 544 nemo
1119 491 1137 544 3

189 563 313 622 anteiret
336 562 384 618 his
397 563 556 632 virtutibus,
569 561 651 620 multi
671 561 819 619 nobilitate
843 577 1097 638 precucurrerunt.

190 643 321 702 Primum
345 641 561 715 Peloponnesio
582 641 659 698 bello
672 641 761 698 multa
784 640 833 697 hic
858 640 922 698 sine
944 642 1097 701 Alcibiade

117 760 120 766 -
190 721 293 797 gessit,
301 721 353 776 ille
368 720 477 776 nullam
490 737 551 776 rem
559 718 622 776 sine
636 718 711 776 hoc:
733 737 795 792 qnae
808 719 859 776 ille
872 720 1097 780 universanstu·

188 799 244 856 rali
268 798 394 888 quodam
416 799 491 855 bono
516 797 586 854 fecit
608 797 692 856 lucri.
733 797 796 855 Sed
818 797 870 854 illa
890 809 986 856 tamen
999 799 1135 860 omnial

189 877 355 935 communia
374 876 592 951 imperatoribus
607 895 673 934 omn
684 876 822 933 militibus
837 886 867 933 et
887 873 999 934 ιοιιιιιιι
1000 879 1096 952 ,quod

188 955 220 1013 in
242 955 339 1030 proelii
363 972 506 1012 concursu
519 955 578 1012 abit
598 973 647 1012 res
662 973 680 1011 a
694 954 817 1011 consilio
839 953 917 1012 ad
889 973 968 1013 vires
981 955 1095 1030 vimque

187 1033 529 1187 bilbilim&
547 1019 1095 1188 ltutttttttltssbifflttttt

187 1191 318 1247 valuisse
320 1208 426 1264 ,quam
439 1189 522 1248 ducis
533 1190 721 1266 prudentiam,
734 1208 804 1247 vere
818 1200 914 1266 potest
926 1191 1094 1279 praedicare.

189 1269 289 1334 Quare
313 1233 386 1325 illud
409 1268 726 1358 magnificentissimum
749 1268 856 1326 factum
878 1268 1024 1345 proprium
1047 1275 1132 1329 estb

189 1347 376 1436 Thrasybuli
417 1346 496 1403 Nam
507 1365 594 1421 quum
602 1347 719 1436 triginta
731 1347 855 1422 tyranni,
868 1366 977 1424 praepo·
1033 1387 1069 1426 ,Μ

191 1425 243 1481 siti
257 1443 275 1481 a
287 1424 523 1495 Lacedaemoniis,
532 1426 670 1482 servitute
678 1443 834 1500 oppressas
844 1436 1016 1484 tenerent
1001 1436 1096 1476 -ιια

193 1502 324 1560 Athenas
327 1503 514 1577 ,plurimos
489 1523 570 1560 cives
573 1503 712 1578 ,quibus
704 1522 736 1560 m
748 1503 825 1560 bello
836 1515 966 1578 parserat
975 1503 1095 1576 senuna,

191 1580 1096 1747 tlttt‘nssutttbttltt³t²¹¹tttlttt⁵⁰ttt¹ttffit

188 1756 337 1817 princeps,
350 1741 404 1798 sed
419 1752 449 1798 et
464 1742 490 1818 [J
484 1741 551 1818 am]
568 1739 669 1798 eolus
661 1738 743 1797 initio
757 1739 865 1798 bellum
877 1737 924 1797 his
938 1738 1050 1798 indixit.

229 1819 271 1876 ΙΙ.
312 1819 372 1876 H1c
382 1838 461 1876 enim
470 1839 556 1894 quum
565 1819 681 1894 Phylen
690 1818 877 1894 confugisset
886 1819 961 1894 quod
970 1830 1016 1876 est
1030 1839 1093 1878 cas·
1116 1824 1127 1878 1

187 1897 310 1954 tellum
301 1917 334 1954 ιιι
348 1898 445 1955 Attica
464 1898 694 1968 munitissimum,
707 1916 766 1956 non
786 1899 851 1972 plus
871 1897 970 1956 hebuit
982 1917 1093 1970 secum,

187 1994 274 2050 quam
292 1975 410 2052 triginta
424 1977 460 2034 de
474 1977 546 2034 suis
587 1977 654 2034 Hoc
668 1941 779 2034 ιιιιιιιιιιι
792 1976 846 2034 fuit
865 1977 966 2034 salutis
981 1977 1093 2036 Actaeo-

187 2072 259 2123 rum,
271 2053 330 2112 hoc
350 2056 435 2111 robur
458 2055 597 2112 libertatis
620 2055 787 2112 clarissime
811 2055 945 2114 civitatis.
987 2056 1092 2131 Neque
1112 2058 1131 2112 2

187 2151 259 2190 vero
273 2132 322 2190 hic
336 2151 396 2191 non
409 2141 568 2191 contemtus
583 2144 628 2190 est
640 2135 731 2214 primo
746 2153 763 2190 a
776 2133 915 2210 tyrannis,
930 2144 1014 2208 etque
1029 2135 1092 2211 ejus

188 2211 324 2270 solitudo.
367 2212 439 2278 Quae
452 2213 568 2287 quidem
580 2231 628 2270 res
643 2224 672 2270 et
685 2212 746 2269 illis
758 2213 1006 2270 contemnentibus
1028 2231 1093 2288 per·

187 2290 289 2360 nicici,
304 2300 334 2347 et
346 2289 414 2346 huic
429 2290 568 2366 despecto
588 2291 674 2349 saluti
687 2291 749 2348 suit.
791 2291 864 2348 Haec
879 2291 957 2348 enim
975 2290 1042 2348 illos
1057 2290 1094 2348 ed

188 2369 421 2444 persequendum
442 2389 559 2445 segnes,
573 2369 627 2427 hos
648 2381 752 2438 autem,
776 2378 904 2443 ternpore
919 2367 955 2424 ad
980 2385 1094 2442 compa·

187 2447 309 2504 randum
322 2447 397 2517 dato,
417 2447 488 2505 fecit
501 2447 686 2505 robustiores.
729 2447 794 2512 Quo
808 2446 901 2520 magis
921 2455 1095 2520 preceptum
1114 2448 1132 2502 ³

188 2525 261 2582 illud
274 2525 400 2583 omnium
413 2525 444 2583 in
453 2526 556 2584 animis
572 2545 639 2583 esse
654 2525 753 2583 debet:
776 2523 876 2580 ‘Nihil
886 2523 1002 2580 inbello
1013 2541 1094 2598 opor·

187 2613 250 2660 tere
260 2604 405 2662 contemni
412 2605 572 2675 ;'necsine
582 2602 753 2661 causedici.
775 2600 1093 2660 ‘Matremtimidiflere

188 2699 248 2739 non
272 2682 387 2740 solere!
435 2683 539 2757 Neque
560 2693 657 2740 tamen
681 2699 732 2757 pro
756 2680 892 2756 opinione
917 2680 1093 2756 Thrasybuli
1113 2684 1132 2738 4

189 2771 280 2818 aucte
294 2771 361 2818 eunt
373 2779 455 2837 opes.
496 2761 526 2818 N
528 2780 574 2818 am
583 2761 645 2838 jem
657 2770 716 2818 turn
730 2759 789 2817 illis
803 2759 978 2835 temporibus
992 2759 1092 2817 lortius

188 2838 257 2896 boni
270 2857 323 2916 pro
336 2840 469 2897 libertate
485 2839 681 2914 loquebantur,
694 2857 779 2913 quam
798 2840 971 2928 pugnabant.
1012 2837 1091 2896 Hinc
1113 2842 1131 2894 5

188 2916 220 2974 ιιι
235 2917 377 2976 Piraeeum
389 2918 510 2988 transiit,
525 2917 768 2992 Munychiamque
782 2917 912 2975 munivit
946 2917 1033 2976 Hanc
1046 2917 1092 2974 bis

187 2996 303 3084 tyranni
316 3015 481 3086 oppugnare
496 3007 562 3053 sunt
575 2997 674 3066 adorti,
689 2997 724 3054 ab
739 3015 830 3070 eaque
850 2996 969 3071 turpiter
982 2994 1093 3071 repulsi

188 3074 318 3148 protinus
331 3075 362 3133 in
376 3077 484 3144 urbem,
499 3075 585 3132 ermis
599 3074 868 3150 impedimentisque
882 3073 1008 3143 amissis,
1016 3073 1092 3132 refu·

190 3163 301 3227 gerunt
342 3153 422 3212 Usus
445 3163 491 3210 est
514 3152 715 3228 Thrasybulus
736 3171 795 3211 non
815 3152 910 3212 minus
932 3115 1091 3242 prudentie,
1112 3154 1131 3210 6

188 3247 273 3304 quarn
297 3229 471 3288 fortitudine.
513 3231 590 3288 Nam
604 3231 743 3288 cedentes
756 3230 858 3288 violari
872 3231 979 3300 vetuit;
1011 3231 1092 3288 cives

188 3309 267 3365 enim
275 3309 387 3366 civibus
401 3327 521 3384 parcere
531 3327 640 3382 equum
655 3310 802 3366 censebat.
824 3308 928 3384 Neque
942 3273 1092 3384 quisquam

188 3395 234 3441 est
247 3387 422 3456 vulneratus,
435 3386 556 3460 nisiqui
567 3388 647 3462 prior
665 3387 833 3462 impugnare
847 3388 946 3445 voluit.
991 3387 1092 3445 Nemi·
1131 3386 1134 3391 ’
1254 3381 1257 3385 ’

187 3481 255 3520 nem
275 3465 423 3540 jacentem
442 3475 524 3522 veste
547 3465 700 3540 spoliavit;
730 3466 772 3522 nil
794 3466 895 3541 attigit,
919 3466 978 3524 nisi
1004 3483 1091 3534 arma,

187 3558 307 3615 quorum
330 3543 486 3618 indigebat,
511 3553 540 3600 et
561 3563 624 3617 quae
648 3543 804 3601 advictum
826 3543 1016 3618 pertinebant.
1057 3542 1130 3603 ln'l

187 3620 318 3678 secundo
330 3621 433 3696 prelio
454 3621 562 3678 cecidit
583 3622 702 3692 Critias,
715 3622 774 3680 dux
792 3632 987 3698 tyrannorum,
1006 3637 1093 3693 quum

187 3697 305 3772 quidem
319 3698 497 3756 exadversus
512 3699 726 3775 Thrasybulum
739 3699 895 3758 fortissime
909 3705 1058 3772 pugnaret.
