2692 4306
249 401 292 462 80
474 393 548 458 VII.
585 400 612 471 1,
628 402 658 471 2,
675 399 705 458 3.
750 391 965 474 (Alcibiades.)

288 544 352 602 bene
365 541 493 601 consulit.
525 539 585 599 IX.
601 540 639 599 Ia
649 539 750 597 Asiam
764 541 875 597 tranat.
912 538 955 598 X.
971 539 1008 598 In
1017 539 1149 619 Phrygia

285 623 459 702 interficitur.
499 619 554 678 XI
554 663 560 676 .
582 618 742 677 Alcibiadis
755 618 818 676 laus
831 629 858 676 et
871 620 1045 696 vituperatio.

210 785 223 840 l
285 779 312 838 1.
345 778 522 848 Alcibiades,
547 777 650 834 Cliniae
675 776 761 844 filius,
782 775 980 833 Atheniensis.
1031 776 1068 833 In
1090 775 1147 834 hoc
1239 783 1242 789 '

246 869 359 926 natura,
378 857 446 932 quid
468 856 584 914 efficere
606 855 707 931 possit,
727 854 839 912 videtur
861 865 986 930 experta.
1029 855 1150 913 Constat

247 937 325 994 enim
353 937 427 993 inter
453 953 563 1005 omnes,
591 934 640 1009 qui
669 933 706 992 de
727 952 762 990 eo
786 934 931 990 memoriae
957 933 1149 1010 prodiderunt,

247 1015 319 1073 nihil
342 1015 391 1072 illo
413 1014 504 1072 fuisse
526 1013 725 1082 excellentius,
747 1012 794 1069 vel
816 1012 847 1068 in
868 1012 955 1081 vitiis,
977 1012 1024 1069 vel
1044 1013 1074 1069 in
1094 1013 1150 1069 vir·

208 1095 226 1150 2
247 1094 362 1152 tutibus.
403 1093 497 1150 Natus
518 1092 549 1150 in
569 1092 744 1168 amplissima
763 1091 887 1160 civitate,
902 1109 1012 1148 summo
1033 1109 1150 1166 genera,

246 1173 373 1230 omnium
399 1173 491 1230 aetatis
518 1190 577 1228 sure
611 1171 699 1228 multo
724 1170 957 1240 formosissimus,
986 1169 1022 1226 ad
1049 1189 1150 1228 omnes

246 1269 294 1308 res
316 1262 407 1327 aptus,
428 1250 596 1324 consiliique
617 1249 730 1325 plenus.
772 1249 905 1322 Namque
925 1250 1079 1325 imperator
1098 1249 1151 1306 fuit

247 1349 375 1388 summus
389 1341 418 1386 et
431 1330 504 1387 mari
519 1339 548 1386 et
560 1339 656 1398 terra;
677 1327 811 1397 disertus,
824 1339 853 1384 ut
868 1328 1006 1403 imprimis
1026 1327 1150 1384 dicendo

247 1409 364 1478 valeret,
386 1407 461 1483 quod
485 1418 563 1465 tanta
585 1418 645 1465 erat
667 1406 877 1463 commendatio
898 1407 956 1462 oris
980 1417 1064 1481 atque
1085 1425 1147 1463 ora-

209 1491 226 1544 3
247 1487 343 1557 tionis,
363 1498 394 1544 ut
417 1505 502 1544 nemo
527 1486 555 1543 ei
579 1485 704 1543 dicendo
727 1495 826 1561 posset
849 1485 1004 1554 resistere;
1036 1485 1146 1551 deinde,

247 1583 333 1639 quum
359 1576 471 1642 tempus
499 1575 643 1642 posceret,
671 1564 839 1633 laboriosus,
863 1565 985 1640 patiens,
1011 1564 1149 1635 liberalis,

249 1645 415 1720 splendidus
439 1661 498 1701 non
522 1644 615 1701 minus
640 1643 670 1699 iu
690 1643 756 1712 vita,
777 1661 863 1716 quam
886 1643 984 1712 victu;
1016 1643 1151 1713 affabilis,

209 1723 378 1792 iblandus,
412 1723 585 1798 temporibus
620 1721 808 1778 callidissime
842 1722 1014 1779 inserviens.
1058 1722 1149 1792 Idem,

248 1802 334 1858 simul
348 1821 383 1857 ac
397 1820 430 1858 se
444 1802 603 1869 remiserat,
614 1817 707 1873 neque
722 1818 813 1856 causa
827 1802 949 1870 suberat,
960 1819 1047 1875 quare
1062 1801 1151 1858 animi

248 1878 375 1936 laborem
400 1879 547 1954 perferret,
576 1879 749 1947 luxuriosus,
778 1878 943 1948 dissolutus,
971 1879 1150 1949 libidinosus,

248 1958 441 2032 intemperans
468 1957 670 2032 reperiebatur,
697 1967 728 2013 ut
755 1975 854 2014 omues
883 1958 1095 2028 admirarentur,
1120 1959 1151 2016 in

248 2054 306 2094 uuo
326 2035 441 2092 homine
463 2046 571 2092 tantam
593 2055 660 2093 esse
684 2035 954 2107 dissimilitudinem,
975 2048 1087 2112 tamque
1109 2038 1151 2095 di·

249 2133 361 2172 versam
375 2126 512 2171 naturam.

289 2193 329 2250 II.
360 2193 508 2250 Educatus
533 2203 578 2250 eet
598 2193 627 2250 in
649 2193 731 2250 domo
754 2193 860 2251 Pericli
889 2194 1048 2272 (privignus
1074 2195 1151 2253 enim

250 2274 312 2348 ejus
327 2271 417 2328 luisse
429 2271 555 2347 dicitur),
569 2272 694 2330 eruditus
706 2292 723 2329 a
737 2272 868 2329 Socrate.
905 2274 1043 2331 Socerum
1054 2273 1152 2331 habuit

249 2351 453 2426 Hipponicum,
468 2351 593 2408 omnium
609 2351 712 2408 Graeoa
731 2351 827 2426 lingua
848 2352 1021 2426 loquentium
1042 2353 1150 2411 divitis-

249 2430 361 2500 simum,
389 2439 428 2500 ut,
456 2430 483 2487 si
510 2429 574 2506 ipse
602 2431 710 2506 fingere
730 2430 826 2499 vellet,
847 2449 940 2505 neque
968 2432 1049 2506 plura
1076 2434 1152 2490 bona

249 2509 406 2580 reminisci,
420 2527 513 2583 neque
532 2509 639 2586 majora
655 2519 755 2586 posset
773 2510 920 2585 consequi,
933 2529 1017 2585 quarn
1030 2510 1076 2568 vel
1095 2511 1152 2568 for·

147 2637 150 2642 .
249 2599 318 2646 tuna
331 2588 378 2646 vel
392 2599 493 2646 natura
506 2587 649 2645 tribuerat.

126 2712 129 2718 .
213 2670 226 2724 l
288 2666 346 2725 111.
369 2666 452 2723 Bello
467 2665 679 2742 Peloponnesio
692 2664 776 2743 hujus
792 2666 912 2724 consilio
926 2677 1010 2741 atque
1031 2668 1152 2726 auctori-

192 2758 195 2766 ’
249 2754 307 2801 tate
332 2743 531 2801 Athenienses
554 2745 661 2802 bellum
683 2745 876 2820 Syracusanis
899 2745 1081 2805 indixerunt:
1114 2746 1152 2804 ad

249 2822 325 2898 quod
348 2822 507 2898 gerendum
530 2821 593 2897 ipse
614 2823 672 2880 dux
692 2823 823 2881 delectus
844 2833 909 2892 est;
934 2824 990 2880 duo
1013 2837 1153 2900 praeterea

210 2905 229 2959 2
251 2901 372 2977 collega
393 2899 462 2970 deti,
483 2899 587 2958 Nicias
608 2911 636 2958 et
657 2901 831 2959 Lamichus.
874 2901 908 2958 ld
925 2916 1012 2976 quum
1030 2922 1151 2980 appara·

249 2991 334 3050 retur,
355 2979 433 3056 prius
454 2998 538 3054 quam
559 2979 663 3038 classis
684 2981 784 3050 exiret,
804 2979 918 3048 accidit,
938 2991 969 3037 ut
987 2999 1046 3038 una
1066 2995 1151 3041 nocte

249 3076 349 3116 omnes
375 3058 503 3129 Hermae,
523 3059 571 3133 qui
598 3059 630 3116 in
650 3059 755 3136 oppido
780 3068 861 3134 erant
885 3057 1018 3128 Athenis,
1044 3060 1152 3136 dejice·

249 3148 354 3207 rentur,
381 3148 483 3214 praeter
515 3155 612 3207 unum,
640 3139 689 3214 qui
722 3148 787 3194 ante
817 3137 936 3212 januam
965 3148 1025 3194 erat
1056 3140 1153 3198 Ando-

171 3274 178 3286 ,
212 3215 334 3274 beidis.
384 3215 483 3290 ltaque
506 3215 555 3273 ille
578 3228 679 3292 postea
703 3216 864 3274 Mercurius
888 3215 1054 3275 Andocides
1074 3221 1152 3277 voci·

250 3305 323 3351 tatus
338 3305 392 3351 est.
435 3295 502 3352 Hoc
516 3313 602 3368 quum
622 3307 773 3371 appareret
793 3313 849 3352 non
871 3295 1061 3371 sinemagna
1082 3299 1153 3356 mul·

249 3383 341 3430 torum
369 3373 561 3430 consensione
589 3393 656 3430 esse
681 3374 796 3443 sactum,
821 3374 895 3448 quod
919 3393 977 3432 non
1002 3376 1038 3432 ad
1061 3378 1153 3452 priva·

249 3461 317 3518 tam,
341 3451 395 3507 aed
415 3451 452 3508 ed
470 3452 614 3526 publicam
633 3471 694 3510 rem
713 3453 877 3528 pertineret,
892 3472 1012 3528 magnus
1030 3457 1154 3513 multitu-

250 3529 311 3586 dini
324 3529 407 3586 timor
421 3540 466 3586 est
479 3529 611 3605 injectus,
626 3549 733 3604 nequa
751 3531 902 3605 repentina
921 3534 966 3588 vis
987 3533 1017 3590 in
1038 3534 1153 3592 civitate

211 3609 413 3678 iexsiateret,
445 3626 509 3682 quaa
538 3607 697 3664 libertatem
721 3609 894 3683 opprimeret
920 3611 1027 3685 populi.
1084 3613 1152 3672 Hoc

250 3687 377 3746 maxime
391 3685 545 3744 convenire
559 3686 590 3742 iu
604 3686 785 3742 Alcibiadem
799 3686 956 3757 videbatur,
970 3689 1046 3762 quod
1060 3701 1090 3748 et
1103 3710 1153 3768 po·

250 3765 354 3824 tentim
367 3775 397 3824 et
409 3765 507 3842 maj0r,
521 3781 607 3839 quam
626 3764 764 3840 privatus,
778 3765 1001 3824 existimabatur.
1043 3769 1152 3828 Multos
