2692 4306
452 377 581 443 v11.4.
631 380 848 460 (iteratae.)
1059 383 1098 443 ar

197 527 276 587 enim
288 525 463 584 liberalitate
478 525 656 596 devinxerat,
670 527 767 602 plures
782 525 870 584 etiam
889 543 978 602 opera
994 523 1104 584 lorensi

195 625 265 665 auos
279 604 454 662 reddiderat.
496 605 593 670 Quare
607 605 703 674 fiebat,
716 615 747 661 ut
763 603 889 662 omnium
909 603 1019 675 oculos,
1034 622 1091 678 quo
1123 607 1142 663 5

194 686 377 758 tiescumque
402 683 433 740 in
456 683 603 758 publicum
625 683 779 757 prodisset,
800 683 837 740 ad
858 701 892 740 se
913 691 1103 752 converteret,

195 782 291 839 neque
307 763 336 819 ei
359 780 412 836 par
435 761 584 835 quisquam
607 760 637 817 in
659 761 774 818 civitate
798 770 961 836 poneretur.
1001 761 1102 836 Itaque

194 860 255 899 non
268 841 363 898 solum
377 845 460 915 spem
478 839 560 896 ineo
582 839 726 896 habebant
748 839 911 910 maximam,
935 837 989 896 sed
1014 839 1102 898 etiam

194 921 338 988 timorem,
352 918 428 992 quod
442 927 472 974 et
491 919 597 974 obesse
610 917 763 992 plurimum
777 927 807 974 et
825 917 966 992 prodesse
979 927 1101 993 poterat.

196 998 434 1073 Adspergebatur
448 997 536 1053 etiam
555 995 681 1066 infamia,
695 996 771 1070 quod
794 996 824 1052 in
838 995 923 1054 domo
937 1015 990 1053 sua
1003 995 1101 1054 facere
1121 997 1141 1054 Ι

196 1076 336 1152 mysteria
360 1074 526 1132 dicebatur:
558 1075 633 1148 quod
654 1075 737 1132 nefas
761 1085 822 1132 eret
841 1093 921 1132 more
943 1073 1103 1132 Athenien·

197 1173 293 1224 srum;
324 1153 411 1227 idque
435 1171 495 1210 non
509 1153 545 1210 ad
564 1153 743 1229 religionem,
758 1153 812 1211 sed
826 1153 862 1210 ad
876 1153 1101 1230 conjurationem

196 1233 342 1310 pertinere
358 1231 582 1288 existimabatur

237 1311 292 1369 IV.
315 1311 381 1368 Hoc
402 1309 522 1366 crimine
543 1310 574 1366 in
593 1310 734 1368 concione
749 1311 812 1368 ab
804 1311 931 1368 inimicis
946 1309 1103 1385 compella·
1124 1311 1138 1367 l

197 1391 289 1448 batur.
331 1388 391 1447 Sed
415 1387 540 1445 instabat
563 1398 676 1464 tempus
698 1389 735 1446 ad
754 1391 862 1447 bellum
885 1387 1100 1465 proficiscendi.

201 1469 238 1526 ld
254 1467 328 1525 ille'
319 1478 442 1536 intuens,
456 1485 551 1540 neque
572 1466 708 1542 ignorans
724 1467 830 1524 civium
850 1486 966 1525 suorum
980 1484 1102 1524 consue·

200 1545 337 1616 tudinem,
349 1511 519 1622 postulabat,
534 1563 561 1601 ει
552 1545 644 1619 quid
657 1544 693 1602 de
708 1565 742 1602 se
757 1545 805 1620 agi
824 1547 942 1614 vellent,
955 1544 1050 1620 potius
1064 1543 1102 1600 de

198 1635 341 1702 presente
353 1623 472 1699 questio
496 1623 660 1693 haberetur,
674 1641 759 1697 quam
779 1625 885 1680 absens
909 1589 1024 1680 irividire
1048 1621 1103 1679 cri·

197 1703 277 1760 mine
298 1715 490 1761 accamaretur.
532 1702 648 1760 Inimici
661 1719 730 1758 vero
755 1703 818 1778 ejus
840 1700 1079 1776 quiescendum
1071 1717 1102 1758 ιι
1120 1703 1140 1757 2

196 1781 342 1857 presenti,
365 1799 433 1856 qma
445 1800 546 1839 noceri
566 1799 624 1838 non
647 1797 736 1857 posse
757 1781 965 1869 intelligebant,
979 1789 1009 1837 et
1031 1779 1103 1837 illud

196 1871 310 1936 tempus
330 1860 556 1936 exspectandum
579 1860 778 1930 decreverunt,
798 1878 854 1934 quo
868 1857 987 1928 exisset,
1001 1868 1032 1916 nt
1055 1858 1100 1916 sic

195 1940 348 1996 absentem
368 1939 608 2014 aggrederentur:
630 1939 725 2013 itaque
745 1938 885 1996 fecerunt.
926 1937 1004 1996 Nam
1023 1947 1101 2014 post-
1122 1938 1140 1993 8

195 2035 282 2092 quarn
296 2018 327 2074 in
342 2017 475 2074 Siciliam
486 2035 551 2074 eum
559 2018 729 2093 pervenisse
740 2017 932 2087 crediderumt,
942 2017 1101 2084 absentem,

195 2096 274 2171 quod
294 2113 379 2152 sacra
391 2095 539 2166 violasset,
559 2114 639 2154 reum
657 2096 797 2154 lecerunt.
839 2096 906 2162 Qua
919 2095 955 2152 de
969 2113 1001 2153 re
1015 2112 1102 2168 quum

197 2175 226 2232 ei
239 2174 357 2232 nuntius
372 2193 390 2230 a
401 2174 569 2249 magistratu
588 2175 619 2232 in
638 2175 771 2232 Siciliam
782 2175 890 2232 missus
905 2184 994 2244 esset,
1007 2184 1039 2230 ut
1051 2172 1102 2229 do·

196 2271 276 2310 mum
297 2253 334 2309 ad
348 2269 466 2310 causam
486 2251 638 2310 dicendam
651 2253 768 2322 rediret,
789 2263 925 2328 essetque
947 2252 978 2310 in
997 2269 1102 2326 magna

196 2351 250 2407 spe
264 2330 422 2407 provinciae
442 2331 517 2388 bene
538 2331 788 2399 administrandae3
813 2349 872 2387 non
885 2349 986 2405 parere
1000 2329 1102 2398 noluit,

197 2421 228 2467 et
249 2410 281 2466 in
294 2409 449 2479 triremem,
463 2427 524 2484 que
549 2409 586 2466 ad
607 2429 674 2466 eum
688 2408 896 2483 deportandum
919 2418 980 2464 erat
1002 2407 1102 2477 missa,

197 2487 360 2546 adscendit.
401 2487 467 2546 Hac
488 2487 645 2545 Thurios'
636 2505 668 2544 m
688 2487 802 2545 Italiam
826 2495 990 2561 pervectus,
1014 2485 1141 2542 multat

197 2585 300 2624 secum
321 2575 457 2642 reputans
472 2565 508 2624 de
529 2565 756 2623 immoderata
730 2564 837 2622 ortium
850 2581 965 2622 suorum
984 2561 1103 2620 licentia

198 2645 423 2720 crudelitateque
445 2663 515 2720 erga
536 2643 661 2715 nobiles,
674 2643 859 2702 utilissimum
882 2649 969 2712 ratus,
991 2641 1101 2718 impen-

198 2724 315 2782 dentem
328 2724 436 2781 evitare
458 2732 668 2813 tempestatem,
682 2723 757 2780 clam
777 2741 810 2779 se
825 2741 842 2778 a
855 2721 1021 2780 custodibus
1036 2721 1101 2778 sub-

198 2803 288 2872 duxit,
310 2813 339 2860 et
361 2801 429 2859 inde
453 2801 575 2877 primum
598 2801 724 2872 Elidem,
749 2800 854 2858 deinde
879 2801 998 2858 Thebas
1011 2799 1100 2858 veuit.

199 2881 355 2955 Postquam
368 2891 463 2938 autem
483 2899 516 2937 ae
531 2879 634 2956 capitis
648 2880 819 2950 damnatum,
832 2879 917 2937 bonis
936 2879 1100 2956 publicatis,
1121 2883 1140 2936 5

198 2959 315 3030 audivit,
331 2969 370 3029 et,
389 2959 420 3016 id
443 2959 518 3034 quod
541 2977 596 3016 usu
608 2969 735 3029 venerat,
757 2958 945 3034 Eumolpidas
966 2957 1101 3016 sacerdo·

198 3049 244 3095 tes
258 3057 277 3094 a
298 3037 404 3114 populo
419 3048 546 3108 coactos,
560 3048 591 3095 ut
614 3055 647 3094 se
668 3038 850 3108 devoverent,
872 3038 990 3114 ejusque
1015 3035 1101 3094 devo·

198 3116 296 3187 tionis,
310 3135 366 3192 quo
376 3115 508 3174 testatior
529 3126 609 3173 esset
628 3117 776 3185 memoria,
790 3117 963 3192 exemplum,
987 3115 1018 3172 in
1040 3115 1102 3191 pila

198 3195 314 3270 lapidea
321 3194 456 3264 incisum,
467 3213 535 3252 esse
544 3194 669 3270 positum
682 3195 712 3252 in
726 3195 853 3270 publico,
862 3194 1101 3252 Lacedaemonem

197 3273 379 3349 demigravit.
420 3272 475 3342 Ibi,
499 3283 530 3330 ut
553 3273 617 3348 ipse
641 3273 798 3348 praedicare
820 3282 1019 3343 consueverat,
1042 3289 1101 3330 non
1121 3273 1140 3328 6

198 3351 337 3409 advmms
350 3349 481 3426 patriam,
495 3351 549 3408 sed
562 3351 695 3408 inimicos
710 3369 779 3408 suos
792 3352 901 3409 bellum
914 3351 1017 3428 gessit,
1025 3350 1101 3426 quod

171 3463 175 3472 ·
197 3430 287 3488 iidem
310 3429 412 3487 hostes
427 3439 527 3486 essent
540 3429 659 3486 civitati.
700 3429 778 3486 Nam
790 3447 876 3504 quum
895 3430 1101 3505 intelligerent,

197 3527 231 3566 se
245 3527 277 3583 p
266 3508 401 3565 urimum
412 3507 554 3583 prodesse
568 3525 656 3582 posse
670 3507 846 3582 reipublicae,
861 3526 899 3566 ex
913 3527 949 3566 ea
962 3506 1090 3583 ejecisse

216 3585 355 3662 lusque
346 3603 397 3644 rrae
424 3604 492 3655 sue,
519 3603 604 3660 quam
632 3585 747 3643 utilitati
781 3586 925 3644 communi
957 3585 1100 3659 paruisse.

198 3605 298 3742 itaque
311 3664 397 3741 hujus
413 3663 536 3722 consilio
552 3663 764 3722 Lacedaemonii
779 3681 845 3720 cum
863 3665 1018 3722 Persarum
1030 3677 1100 3737 rege
1120 3661 1140 3719 7

198 3743 356 3802 amicitiam
369 3742 517 3813 fecenmt;
539 3741 645 3800 deinde
666 3741 846 3802 Deceleam'
838 3759 870 3798 ιιι
883 3740 980 3797 Attica
991 3739 1101 3798 mimie-
