2692 4306
446 347 473 412 Ῑ.
507 353 537 426 7,
553 351 583 412 8.
629 349 826 433 (Miltiades.)
1054 355 1102 416 ’13

195 505 272 555 ιειιιι
295 495 378 571 isque
392 495 553 554 hortaretur
564 497 683 568 milites,
697 497 884 574 proelimnque
898 498 1097 556 committeret.

195 575 278 634 Idem
301 575 353 632 ille
380 575 512 650 populus,
540 586 727 652 posteaquam
752 578 845 653 majus
872 577 1025 653 imperinm
1052 581 1135 637 esti

195 663 306 724 nactus,
330 664 361 711 et
386 654 538 729 largitione
559 655 775 730 magistratuum
796 667 945 732 corruptus
968 666 1023 727 est,
1041 665 1099 714 tre·

195 743 297 790 centas
311 743 419 790 statuas
436 733 585 790 Demetrio
600 733 745 792 Phalereo
759 733 899 792 decrerit.

234 811 304 870 v11.
327 812 399 870 Post
418 810 475 868 hoc
495 812 627 888 proelium
641 814 767 870 classem
780 813 962 890 septuaginta
979 812 1098 871 navimn
1119 818 1135 874 1

195 890 393 948 Athenienses
419 889 515 947 eidem
539 891 666 949 Miltiadi
686 892 835 962 dederim,
848 902 880 949 ut
899 892 1020 962 insulas,
1034 911 1097 967 quie

194 970 330 1027 barbaros
344 968 520 1044 adjuverant,
531 970 609 1027 bello
623 982 853 1046 persequeretur.
895 971 962 1038 Quo
975 971 1098 1047 imperio

194 1048 348 1124 plerasque
363 1047 399 1104 ad
412 1047 539 1105 officium
551 1049 646 1106 redire
662 1049 764 1126 coegit,
778 1050 931 1108 nonnullas
944 1050 975 1108 vi
988 1067 1097 1126 expug-

194 1125 374 1217 navitpeEx
397 1125 445 1184 his
471 1127 577 1185 Parum
601 1127 734 1198 insulam,
748 1129 851 1204 opibus
876 1129 990 1198 elatam,
1010 1147 1097 1202 quum
1116 1133 1135 1188 2

193 1205 323 1262 oratione
347 1204 538 1263 reconciliare
562 1225 621 1264 non
646 1217 756 1282 posset,
778 1208 878 1283 copias
906 1207 936 1285 [e
958 1206 1095 1284 navibus]

195 1284 303 1354 eduxit,
316 1285 417 1341 urbem
430 1283 565 1360 operibus
585 1285 689 1342 clausit
706 1285 840 1361 omnique
860 1296 1021 1344 commeatu
1040 1285 1097 1362 pri·

195 1364 289 1432 ravit;
310 1362 415 1420 deinde
429 1363 523 1420 vineis
538 1383 572 1420 ac
587 1364 777 1422 testudinibus
792 1365 963 1434 constitutis,
976 1364 1095 1442 propIus

194 1459 292 1499 muros
306 1441 440 1499 accessit.
483 1443 579 1508 Quum
595 1443 656 1518 jam
670 1443 700 1500 in
714 1462 749 1500 eo
765 1455 855 1514 esset,
865 1453 896 1500 ut
906 1443 1011 1520 oppido
1024 1443 1097 1520 potI·
1118 1447 1136 1501 3

195 1532 283 1591 retur,
293 1521 391 1596 procul
405 1521 436 1578 in
447 1520 606 1578 continenti
616 1521 710 1591 lucus,
720 1521 768 1596 qui
780 1541 818 1580 ex
828 1523 924 1578 insula
934 1521 1096 1596 conspicie-

195 1599 287 1669 batur,
299 1599 401 1657 nescio
414 1617 470 1674 quo
485 1619 567 1669 casu,
581 1611 721 1658 nocturno
739 1611 868 1677 tempore
887 1601 1027 1657 incensus
1042 1611 1096 1657 εει.

197 1678 288 1754 Cujus
312 1677 425 1736 flamma
447 1689 478 1736 ut
502 1679 538 1736 ab
561 1678 714 1754 oppidanis
736 1690 765 1736 et
788 1679 1031 1754 oppugnatoribus
1053 1689 1099 1736 εει

194 1756 268 1826 visa,
282 1757 408 1832 utrisque
426 1758 505 1814 venit
525 1757 556 1815 in
576 1757 750 1834 opinionem,
765 1758 880 1834 signum
900 1777 918 1814 a
938 1757 1097 1816 classiariis

193 1835 283 1912 regiis
298 1836 403 1894 datum.
446 1837 511 1903 Quo
525 1836 632 1894 iactum
646 1847 700 1906 cst,
715 1848 745 1894 ut
764 1847 793 1894 et
814 1835 893 1894 Parii
913 1855 931 1893 a
948 1836 1096 1894 deditione
1117 1841 1135 1894 4

193 1914 415 1986 deterrerentur,
430 1926 459 1973 et
478 1915 636 1986 Miltiades,
651 1914 766 1986 timens,
780 1935 817 1973 ne
833 1915 938 1974 classis
952 1915 1034 1992 regia
1048 1916 1096 1973 ad·

192 2005 333 2064 tentaret,
347 1993 478 2052 incensis
497 1994 717 2069 operibusque
732 2005 878 2065 statuerat,
893 2013 959 2052 cum
976 1994 1097 2052 totidem

192 2073 325 2142 navibuS,
337 2083 421 2148 atque
433 2084 494 2130 erat
506 2073 662 2148 proiectus,
674 2073 804 2132 Athenas
815 2093 919 2150 magne
930 2092 996 2130 cum
1006 2073 1098 2132 offen·

193 2151 276 2210 sione
300 2151 409 2209 civium
430 2171 545 2209 suorum
566 2152 682 2210 reditet.
723 2154 886 2211 Accusatus
907 2171 977 2229 ergo
1001 2151 1097 2228 prodi·
1118 2157 1136 2210 5

192 2231 290 2300 tionis,
300 2231 386 2305 quod,
396 2249 483 2306 quum
497 2231 602 2289 Parum
616 2250 780 2308 expugnare
794 2243 905 2308 posset,
919 2252 937 2288 a
950 2250 1020 2306 rege
1035 2249 1097 2288 cor·

192 2321 292 2386 ruptus
317 2309 435 2367 iniectis
456 2311 541 2368 rebus
562 2310 762 2368 discessisset.
803 2311 850 2368 Eo
870 2321 999 2386 tempore
1020 2327 1099 2385 aeger

194 2399 257 2447 erat
269 2388 446 2460 vulneribus,
460 2408 523 2464 quae
543 2389 574 2446 in
594 2389 786 2464 oppugnando
806 2388 913 2464 oppido
934 2398 1097 2462 acceperat.

194 2468 296 2542 Itaque
316 2467 451 2542 quoniam
472 2469 537 2543 ipse
559 2485 611 2543 pro
635 2487 668 2524 se
690 2467 789 2523 dicere
809 2484 868 2523 non
888 2475 998 2540 posset,
1011 2467 1100 2522 verba

193 2545 266 2604 iecit
279 2545 366 2603 irater
377 2547 439 2623 ejus
451 2546 621 2622 Tisagdras.
653 2546 752 2602 Causa'i
766 2545 882 2620 cogniti
896 2543 1000 2619 capitis
1015 2544 1098 2601 abso·
1118 2545 1137 2600 s

192 2626 282 2694 lutus,
294 2625 419 2700 pecunia
437 2626 573 2682 multatus
593 2635 647 2695 est,
663 2642 753 2699 eaque
774 2623 812 2681 lis
833 2621 1037 2698 quinquaginta
1056 2633 1098 2680 ta·

192 2704 283 2762 lentis
302 2705 440 2762 estimata
458 2714 512 2774 est,
527 2713 649 2778 quantus
671 2703 702 2761 in
725 2703 852 2760 classem
873 2713 982 2759 sumtus
1005 2701 1098 2760 factus

194 2793 267 2840 erat.
296 2783 381 2840 Hanc
395 2782 550 2859 pecuniam
563 2783 638 2858 quod
651 2783 766 2840 solvere
781 2783 811 2840 iu
824 2780 979 2857 prasentia
1004 2779 1006 2786 ’
1039 2807 1077 2846 iffi

192 2880 254 2920 non
277 2871 396 2938 poterat,
419 2863 450 2919 in
472 2861 591 2920 vincula
617 2862 735 2937 publica
758 2861 908 2938 conjectus
934 2871 980 2918 est
1015 2857 1099 2897 *⁰⁴-

193 2941 291 3015 ibique
305 2940 384 2998 diem
398 2941 469 2998 obiit
483 2959 657 3017 supremum.

235 3019 320 3078 VIII.
343 3020 403 3078 Hic
414 3019 470 3078 etsi
481 3020 601 3077 crimine
613 3019 699 3078 Pario
709 3029 754 3076 est
764 3029 927 3088 accusatus,
935 3028 1032 3076 tamen
1041 3017 1099 3075 alia
1121 3021 1135 3076 l

192 3098 247 3158 fuit
266 3118 356 3156 causa
374 3097 575 3156 damnationis.
616 3098 748 3172 Namque
764 3097 962 3156 Athenienses
982 3105 1099 3174 propter

193 3177 341 3239 Pisistrati
355 3177 544 3252 tyrannidem,
555 3196 617 3252 quae
631 3176 733 3252 paucis
744 3176 828 3234 annis
840 3185 906 3232 ante
921 3175 1024 3244 iuerat,
1039 3193 1098 3231 om·

192 3254 915 3330 niumsuorumcIviumpotentiamextimescebam.
937 3252 1097 3323 Miltiades,
1117 3255 1136 3310 2

192 3336 313 3392 multum
326 3333 358 3392 in
371 3333 502 3410 imperiis
515 3333 784 3409 magistratibusque
796 3343 936 3402 versatus,
949 3350 1008 3390 non
1018 3331 1099 3388 vide·

174 3473 180 3482 ,
193 3414 275 3472 batur
288 3431 377 3488 posse
390 3432 457 3472 esse
472 3410 611 3487 privatus,
622 3411 780 3486 praesertim
793 3429 879 3484 quum
889 3409 1099 3468 consuetudine

194 3491 230 3549 od
251 3491 366 3566 imperii
388 3491 574 3566 cupiditatem
593 3489 668 3546 trahi
682 3489 836 3546 videretur.
878 3489 955 3546 Nam
972 3489 1098 3546 Cherso·
1119 3489 1137 3543 :i

183 3570 260 3629 nesi
280 3588 381 3628 omnes
401 3569 478 3638 illos,
493 3587 564 3642 quos
586 3568 736 3637 habitarat,
751 3585 841 3624 annos
863 3578 1033 3644 perpetuam
1050 3566 1099 3622 ob·

193 3659 319 3708 tinuerat
340 3648 572 3717 dominationem,
594 3657 788 3722 tyrannusque
812 3645 906 3702 suerat
927 3643 1099 3719 appellatus,

93 3721 96 3726 ’
192 3727 248 3788 sed
264 3729 371 3805 justus.
413 3726 483 3784 Non
497 3735 557 3782 crat
574 3725 654 3782 enim
667 3723 696 3780 vi
712 3735 897 3792 consecutus,
911 3723 965 3779 sed
984 3739 1099 3780 suorum
