2680 4304
360 368 484 437 XXIII.
531 377 557 446 l,
573 377 602 435 2.
649 368 854 454 (Hannibal.)
1017 377 1061 436 80

279 762 489 838 ΧΧΙΙΙ.
542 762 902 838 HANNIBAL

184 1071 207 1131 l.
231 1072 391 1144 Hannibal,
414 1069 591 1132 Hamilcaris
605 1076 698 1212 pana,
726 1075 979 1152 canaagtntemn.
1030 1076 1062 1134 si
1085 1081 1097 1134 l

146 1167 249 1210 verum
274 1165 328 1226 est,
350 1154 426 1231 quod
455 1173 541 1212 nemo
564 1155 603 1212 du
624 1155 684 1224 itat,
711 1166 742 1213 ut
764 1157 888 1232 populus
911 1155 1062 1214 Romanus

145 1247 246 1290 omnes
274 1244 375 1310 gentes
400 1234 506 1291 virtute
534 1235 690 1310 superarit,
716 1253 773 1292 non
798 1245 841 1292 est
868 1234 1060 1305 infitiandum,

148 1307 346 1370 Hannibalem
371 1323 450 1370 tanto
475 1315 640 1389 prestitisse
661 1323 772 1371 ceteros
792 1314 981 1389 Imperatores
995 1332 1060 1390 pru-

149 1385 258 1460 dentia,
272 1403 377 1466 quanto
401 1393 525 1468 populus
550 1393 701 1450 &manus
722 1391 874 1450 antecedat
896 1391 1061 1451 fortitudine

153 1477 277 1527 cunetas
299 1472 432 1529 nationes.
475 1471 555 1529 Nam
579 1473 819 1547 quotiescumque
843 1489 913 1529 oum
936 1491 972 1530 eo
995 1475 1101 1528 con-2

153 1563 275 1621 gressus
288 1559 330 1607 est
352 1549 381 1606 in
395 1549 485 1620 Italia,
501 1568 617 1628 semper
641 1551 773 1608 discessit
793 1551 935 1626 superior.
976 1549 1062 1616 Quod

151 1624 209 1681 nisi
231 1625 308 1685 domi
330 1629 437 1686 civium
451 1648 572 1688 suorum
595 1630 707 1687 invidia
726 1628 892 1688 debilitatus
905 1639 990 1699 esset,
1006 1628 1061 1686 Ro-

150 1721 252 1764 manos
266 1706 413 1765 videretur
426 1727 567 1785 superare
581 1709 719 1785 potuisse.
761 1708 819 1766 Sed
840 1709 998 1767 multorum
1012 1709 1059 1766 ab

147 1786 277 1844 tractatio
292 1785 400 1844 devicit
425 1790 513 1846 unius
527 1789 676 1846 virtutem.
718 1787 779 1846 Hic
793 1797 891 1847 autem
905 1788 987 1847 velut
1010 1788 1059 1846 he·
1081 1791 1100 1846 a

148 1861 265 1922 reditate
292 1866 428 1924 relictum
454 1867 552 1925 odium
576 1877 731 1944 paternum
752 1886 824 1946 erga
847 1867 993 1927 Romanos
1016 1868 1060 1926 sia

147 1945 340 2014 conservavit,
356 1955 388 2003 ut
402 1947 483 2022 prius
498 1948 635 2017 animam,
646 1965 735 2024 quarn
750 1947 788 2018 id,
803 1947 985 2025 deposuerit:
1006 1949 1059 2024 qui

146 2021 270 2094 quidem,
288 2042 382 2100 quum
404 2026 497 2102 patria
511 2027 614 2102 pulsus
629 2037 714 2096 esset,
730 2036 758 2084 et
783 2027 946 2086 alienarum
970 2045 1059 2103 opum

147 2098 297 2178 indigeret,
313 2121 475 2180 numquam
497 2103 638 2164 destiterit
662 2107 759 2164 animo
780 2106 888 2165 bellare
910 2125 980 2164 oum
1002 2106 1058 2163 Ro-

147 2196 247 2238 mama.

183 2257 219 2316 ΙΙ.
240 2260 274 2319 N
278 2280 326 2318 am
341 2271 373 2319 ut
386 2262 515 2320 omittam
531 2263 705 2340 Philippum,
720 2283 808 2340 quem
824 2263 928 2320 absens
948 2264 1059 2321 hostem
1081 2266 1097 2319 l

147 2337 265 2398 reddidit
282 2340 441 2399 Romanis:
456 2343 585 2400 omnium
599 2344 644 2401 his
658 2343 836 2420 temporibus
847 2342 1060 2416 potentissimus

147 2431 195 2474 rex
221 2420 392 2477 Antiochus
418 2419 482 2478 luit.
523 2421 614 2479 Hunc
641 2432 723 2479 tanta
747 2420 904 2496 eupiditate
932 2420 1061 2478 incendit

147 2493 282 2568 bellandi,
292 2508 325 2556 ut
339 2517 432 2575 usque
447 2518 465 2556 a
479 2501 567 2559 rubro
581 2502 656 2558 mari
671 2519 754 2558 arma
764 2509 886 2558 conatus
900 2499 937 2556 sit
950 2497 1059 2556 inferre

146 2572 243 2634 Italiae.
291 2577 340 2636 Ad
361 2597 449 2654 quem
463 2597 554 2655 quum
580 2580 669 2657 legati
691 2580 837 2636 venissent
859 2577 993 2648 Romani,
1008 2578 1099 2654 quii

146 2651 180 2711 de
193 2656 259 2732 ejus
269 2657 417 2716 voluntate
426 2659 612 2734 explorarent
631 2659 790 2735 darentque
799 2675 916 2734 operam
930 2658 1059 2716 consiliis

147 2731 342 2807 clandestinis,
358 2745 390 2795 ut
413 2735 611 2796 Hannibalem
631 2735 662 2795 in
676 2737 869 2814 suspicionem
884 2737 947 2815 regi
969 2737 1057 2796 addu-

146 2825 254 2885 cerent,
270 2825 420 2892 tamquam
441 2818 477 2874 ab
497 2818 567 2894 ipsis
581 2827 750 2894 corruptum
771 2817 838 2887 alia,
854 2826 941 2893 atque
963 2827 1057 2886 antea,

147 2894 271 2965 sentire3
305 2911 401 2972 neque
429 2895 458 2953 id
483 2896 591 2954 frustra
616 2895 762 2966 iecissent,
792 2895 879 2973 idque
907 2895 1057 2954 Hannibal

146 2974 341 3048 comperisset,
364 2993 455 3052 seque
479 2977 516 3033 ab
540 2976 727 3034 interioribus
754 2976 883 3034 consiliis
907 2976 1057 3054 segregari

148 3049 281 3110 vidisset:
296 3063 424 3130 tempore
435 3055 502 3114 dato
513 3055 583 3112 adiit
593 3055 629 3112 ad
643 3073 752 3132 regem,
762 3056 848 3132 eique
861 3073 954 3130 quum
965 3055 1057 3112 multa
1078 3057 1097 3112 8

148 3125 181 3185 de
204 3131 262 3190 fide
284 3151 338 3190 sun
361 3143 390 3190 et
414 3133 479 3192 odio
501 3135 532 3191 in
557 3134 705 3192 Romanos
725 3144 988 3204 commemorasset,
1004 3133 1058 3192 hoa

149 3206 294 3283 adjunxit:
316 3209 416 3283 Pater,
442 3214 545 3289 inquit,
570 3231 657 3284 nem,
682 3211 841 3281 Hamilcar,
863 3214 982 3286 pamla
1005 3232 1057 3284 aaa,

150 3293 233 3362 alpais
246 3309 302 3348 non
314 3293 436 3365 amplias
459 3310 556 3350 navem
569 3311 658 3350 anana
670 3301 744 3364 nato,
765 3293 796 3350 in
816 3289 988 3367 Hispaniam
1007 3295 1056 3350 im·

147 3377 255 3437 nautor
264 3369 445 3449 prtfia'aama
468 3371 648 3448 Cartbagine,
663 3369 731 3430 Jaai
742 3375 841 3447 optima
861 3373 979 3428 manna
997 3372 1057 3429 bos-

151 3443 201 3500 tias
213 3449 373 3506 inmolavit.
418 3448 488 3523 Qua
508 3451 606 3508 divina
628 3469 676 3509 rea
690 3452 756 3508 darn
769 3449 972 3530 conficiebatur,
986 3467 1057 3526 qna·
1078 3453 1096 3507 4

149 3523 210 3581 aicit
222 3545 240 3583 a
253 3547 304 3598 mc,
319 3529 451 3588 vellemne
466 3547 559 3588 sacam
572 3533 603 3587 in
617 3539 713 3588 castra
723 3530 892 3610 proficisci?
926 3526 963 3585 Id
976 3546 1060 3603 qaam

150 3599 259 3664 libenter
271 3610 448 3682 accenseam,
464 3617 545 3684 atque
559 3609 595 3667 ab
608 3628 640 3668 eo
654 3618 749 3684 patere
764 3609 913 3682 cepissem,
927 3625 962 3664 ne
980 3604 1058 3662 dabi-

150 3685 215 3740 tarat
227 3686 327 3746 amera
338 3707 353 3758 ;
374 3696 431 3746 narn
444 3689 501 3759 illa,
506 3685 629 3765 faciam,
645 3690 742 3764 inquit
754 3685 874 3768 sifidarn
887 3685 963 3753 nabi,
977 3701 1060 3760 qaam

149 3763 258 3836 walaia,
273 3767 396 3825 dadam
441 3765 534 3826 Sinni
545 3785 587 3826 rnc
600 3767 639 3881 qd
651 3785 733 3827 aram
745 3765 872 3831 adduam
887 3764 964 3836 “wll
977 3779 1060 3838 W
