2680 4304
396 363 521 427 xxru.
569 371 617 428 ra.
661 363 869 447 (Hannon.)
1042 371 1086 430 aa

162 518 277 595 scripti,
291 517 354 592 qui,
370 516 538 574 Hannibale
553 518 628 588 vivo,
651 537 811 594 numquam
836 537 868 576 se
891 519 955 576 sina
974 518 1088 578 insidiis

163 597 279 655 futuros
294 596 509 666 existimarent,
523 595 634 673 legatos
653 598 684 654 iu
705 597 875 671 Bithyniam
890 598 1086 668 miserantia

161 677 209 734 his
222 676 441 744 Flamininum,
451 676 502 750 qui
516 676 552 732 ab
567 693 637 752 rege
651 685 792 752 peterent,
803 695 840 733 ne
851 676 1085 738 inimicissimum

160 774 252 813 suum
263 773 370 811 secum
384 754 515 823 haberet,
531 754 644 829 sibique
658 754 787 812 dederet.
829 754 886 812 His
901 753 1020 814 Prusias
1034 774 1083 814 ne-
1105 758 1122 812 :l

160 853 235 911 gare
250 851 346 890 ausus
370 851 429 889 non
454 844 517 904 est;
541 832 615 889 illud
640 834 798 902 recusavit,
823 833 944 890 naida
964 853 996 892 se
1019 835 1083 892 fieri

161 913 358 990 postularent,
384 911 463 987 quod
490 911 630 969 adversus
646 913 698 988 jus
721 913 835 990 hospitii
855 922 949 984 esset;
972 915 1037 989 ipsi,
1058 915 1084 971 si

162 1001 291 1068 possent,
313 989 613 1066 comprehenderent:
635 991 743 1060 locum,
759 993 809 1048 ubi
831 1001 917 1060 esset,
933 991 1019 1050 facile
1040 994 1083 1049 in·

161 1081 315 1128 venturos.
338 1068 490 1126 Hannibal
504 1069 582 1126 enim
594 1070 764 1127 unolocose
778 1071 894 1128 tenebat
908 1071 937 1126 in
952 1071 1082 1140 castello,

161 1149 240 1224 quod
256 1149 285 1206 ei
307 1149 344 1205 ab
358 1166 429 1224 rege
444 1147 543 1204 datum
558 1159 622 1205 erat
637 1149 770 1206 muneri:
791 1149 880 1225 idque
900 1149 945 1207 sic
957 1149 1082 1208 edifica·

162 1238 219 1297 rat,
240 1239 274 1285 ut
290 1227 320 1283 in
334 1227 471 1285 omnibus
485 1227 615 1303 partibus
629 1227 745 1285 aedificii
758 1229 870 1285 exitum
884 1228 940 1285 sibi
954 1229 1081 1298 baberet,

162 1325 285 1382 semper
307 1323 420 1375 verens,
446 1323 485 1362 ne
510 1323 566 1364 usu
590 1307 713 1376 veniret,
738 1306 816 1383 quod
843 1307 959 1364 accidit.
1012 1307 1082 1366 Huc
1103 1311 1121 1366 4

164 1403 263 1460 quum
275 1387 365 1462 legati
385 1385 584 1442 Romanorum
599 1386 757 1455 venissent,
773 1403 809 1442 ac
829 1385 1015 1443 multitudiue
1035 1386 1082 1442 do-

168 1481 255 1519 mum
276 1467 340 1540 ejus
352 1462 619 1534 circumdedissent,
635 1481 709 1540 puer
733 1465 770 1520 ab
789 1465 883 1540 janua
907 1465 1084 1540 prospiciens

169 1540 336 1600 Hannibali
349 1542 427 1611 dixit,
442 1543 543 1618 plures
567 1553 674 1618 praeter
694 1541 935 1600 consuetudinem
960 1551 1085 1600 armatos

167 1639 323 1696 apparere.
365 1621 423 1686 Qui
432 1624 587 1697 imperavit
600 1623 637 1691 ei,
654 1631 685 1678 ut
693 1639 794 1678 omnes
809 1619 886 1678 fores
899 1620 1014 1678 aedificii
1028 1622 1084 1678 cir·

163 1699 301 1770 cumiret,
317 1719 352 1758 ac
367 1718 489 1777 propere
508 1702 563 1757 sibi
578 1701 768 1769 renuntiaret,
788 1717 860 1756 uum
877 1699 978 1756 eodem
1000 1699 1083 1756 modo

163 1777 295 1854 undique
308 1779 502 1837 obsideretur.
545 1779 624 1837 Puer
636 1798 729 1855 quum
748 1779 893 1848 celeriter,
907 1778 976 1853 quid
996 1789 1081 1848 esset,
1102 1783 1122 1837 5

162 1860 369 1928 renuntiasset,
395 1877 556 1933 omnesque
584 1859 680 1916 exitus
703 1868 861 1934 occupatos
888 1857 1079 1930 ostendisset3

160 1936 262 2006 sensit,
277 1937 307 1994 id
332 1955 391 1995 nou
415 1936 533 1994 fortuito
554 1936 674 2007 sactum,
696 1937 745 1994 sed
770 1957 802 1995 se
825 1938 892 2013 peti,
907 1955 1003 2014 neque
1025 1937 1081 1994 sibi

160 2012 273 2072 diutius
286 2017 379 2073 vitam
394 2035 461 2073 esse
476 2015 665 2073 retinendam.
708 2015 808 2081 Quam
832 2033 869 2074 ne
895 2017 991 2074 alieno
1005 2017 1081 2073 arbi-

160 2092 217 2150 trio
240 2094 410 2165 dImitteret,
426 2113 538 2151 memor
557 2096 745 2170 pristInarum
760 2096 910 2165 virtutum,
933 2113 1080 2152 venenum

160 2173 239 2248 quod
254 2193 374 2250 semper
387 2191 489 2231 secum
507 2174 613 2231 habere
628 2184 830 2243 consueverat,
847 2176 978 2249 sumpsit.

203 2251 286 2310 XIII.
309 2253 360 2310 Sic
376 2254 424 2309 vIr
438 2251 619 2320 fortissimus,
635 2253 735 2310 multis
749 2254 896 2326 variisque
910 2251 1081 2326 perfunctus
1103 2255 1118 2308 l

160 2327 322 2401 laboribus,
340 2349 419 2388 anuo
442 2332 589 2407 acquievit
612 2332 837 2408 septuagesimo.
879 2329 997 2394 Quibus
1013 2347 1080 2386 cou-

160 2409 277 2467 sulibus
290 2411 446 2478 interierit,
460 2427 518 2466 non
533 2407 678 2467 convenit.
708 2409 846 2484 Namque
861 2409 988 2473 Atticus,
1005 2407 1081 2463 Mar·

159 2504 197 2544 co
208 2487 334 2546 Claudio
348 2489 502 2558 Marcello,
514 2489 553 2554 Q.
567 2489 659 2546 Fabio
674 2489 811 2546 Labeone
825 2487 909 2544 Coss.
926 2495 1080 2554 mortuum,

148 2566 192 2636 ¹in
207 2569 307 2625 annali
321 2587 376 2624 suo
390 2569 532 2644 scriptum
544 2568 680 2643 reliquit;
704 2577 733 2624 at
748 2567 896 2641 Polybius,
907 2564 943 2622 L.
960 2563 1081 2621 AEmilio

161 2643 270 2702 Paullo
290 2657 319 2704 et
343 2646 400 2703 Cn.
416 2647 516 2704 Baebio
541 2647 717 2723 Tamphilo;
740 2645 891 2721 Sulpicius
915 2653 1022 2712 autern,
1046 2643 1077 2700 P.

159 2722 298 2782 Cornelio
321 2725 462 2802 Cethego,
488 2723 530 2782 M.
557 2725 657 2783 Baebio
682 2725 847 2800 Tamphilo.
904 2723 1003 2798 Atque
1031 2723 1119 2782 hiet

160 2812 262 2860 tantus
276 2805 321 2860 vir
340 2805 487 2880 tantisque
511 2805 595 2862 bellis
615 2804 765 2861 districtus
788 2801 919 2860 nonnihil
942 2803 1079 2878 temporIs

161 2882 265 2939 tribuit
278 2882 393 2940 litteris.
435 2883 574 2959 Namque
589 2884 700 2958 aliquot
714 2883 779 2958 ejus
800 2882 866 2938 libri
880 2891 956 2951 sunt,
972 2881 1078 2939 Graeco

160 2977 296 3018 sermone
319 2961 463 3034 conlecti3
498 2963 529 3018 in
554 2962 599 3019 his
620 2962 656 3018 ad
681 2961 808 3018 Rhodios
831 2960 867 3017 de
891 2960 946 3018 Cn.
974 2959 1078 3016 Manlii

161 3038 304 3096 Vulsouis
318 3041 349 3097 in
364 3042 441 3098 Asia
456 3040 544 3098 rebus
557 3042 657 3118 gestis.
694 3039 795 3116 Hujus
809 3039 886 3096 bella
899 3049 981 3115 gesta
995 3039 1078 3095 multi
1099 3041 1117 3096 ³

161 3119 311 3176 memoriae
335 3119 542 3195 prodiderunt:
564 3120 615 3177 sed
640 3137 677 3176 ex
702 3119 748 3175 his
761 3119 827 3186 duo,
842 3119 893 3193 qui
914 3135 983 3174 oum
999 3136 1034 3174 eo
1047 3119 1077 3174 in

160 3199 267 3254 castris
295 3197 418 3255 suerunt
450 3199 597 3274 simulque
623 3199 767 3265 vixerunt,
795 3207 935 3272 quamdiu
964 3195 1079 3253 fortuna

161 3293 248 3350 passa
271 3287 325 3345 est,
349 3277 479 3346 Silenus,
494 3287 524 3334 et
546 3276 659 3334 ScaiIus
683 3275 935 3334 Laeedaemonius.
978 3275 1077 3349 Atque

160 3353 216 3410 hoo
230 3354 325 3411 Sosilo
340 3355 491 3412 Hannibal
503 3355 666 3412 litterarum
681 3355 855 3412 Graecarum
871 3371 942 3410 usus
955 3366 999 3409 est
1012 3353 1078 3409 doe·

159 3439 232 3488 tore.
276 3433 334 3490 Sed
358 3453 411 3492 nos
435 3445 552 3510 tempus
565 3445 609 3491 est
633 3434 723 3509 hujus
736 3433 802 3490 libri
825 3433 923 3491 lacere
938 3431 1035 3499 finem,
1049 3435 1115 3489 etl

158 3507 362 3570 Romanorum
372 3513 521 3589 explicare
532 3513 739 3590 imperatores:
760 3529 818 3587 quo
832 3511 951 3569 facilius
965 3509 1079 3566 collatis

157 3599 354 3682 utrqrumque
370 3590 465 3662 sactis,
485 3591 537 3666 qui
551 3591 608 3648 viri
628 3589 801 3669 praelerendi
815 3591 882 3661 siut,
898 3587 986 3666 possit
1002 3585 1079 3661 judi·

156 3683 233 3725 cau.
