<?xml version="1.0" encoding="UTF-8"?>
<!DOCTYPE html PUBLIC "-//W3C//DTD XHTML 1.0 Transitional//EN"
    "http://www.w3.org/TR/xhtml1/DTD/xhtml1-transitional.dtd">
<html xmlns="http://www.w3.org/1999/xhtml" xml:lang="en" lang="en">
 <head>
  <title>
</title>
<meta http-equiv="Content-Type" content="text/html;charset=utf-8" />
  <meta name='ocr-system' content='tesseract 3.04.00' />
  <meta name='ocr-capabilities' content='ocr_page ocr_carea ocr_par ocr_line ocrx_word'/>
</head>
<body>
  <div class='ocr_page' id='page_1' title='image "./corneliusneposw05nepogoog_0109.png"; bbox 0 0 2680 4304; ppageno 0'>
   <div class='ocr_carea' id='block_1_1' title="bbox 256 383 1048 472">
    <p class='ocr_par' dir='ltr' id='par_1_1' title="bbox 256 383 1048 472">
     <span class='ocr_line' id='line_1_1' title="bbox 256 383 1048 472; baseline -0.005 -18"><span class='ocrx_word' id='word_1_1' title='bbox 256 387 319 455; x_wconf 79' lang='lat'>&#39;102</span> <span class='ocrx_word' id='word_1_2' title='bbox 367 385 476 453; x_wconf 87' lang='lat' dir='ltr'><strong>XXV.</strong></span> <span class='ocrx_word' id='word_1_3' title='bbox 524 394 571 452; x_wconf 90' lang='lat'><strong>10.</strong></span> <span class='ocrx_word' id='word_1_4' title='bbox 618 385 670 472; x_wconf 87' lang='grc' dir='ltr'><strong>(Τ.</strong></span> <span class='ocrx_word' id='word_1_5' title='bbox 686 383 885 471; x_wconf 74' lang='lat' dir='ltr'><strong>Pomponiae</strong></span> <span class='ocrx_word' id='word_1_6' title='bbox 898 385 1048 470; x_wconf 82' lang='lat' dir='ltr'><strong>Atticus.)</strong></span> 
     </span>
    </p>
   </div>
   <div class='ocr_carea' id='block_1_2' title="bbox 211 540 1168 3862">
    <p class='ocr_par' dir='ltr' id='par_1_2' title="bbox 211 540 1168 3862">
     <span class='ocr_line' id='line_1_2' title="bbox 252 540 1154 620; baseline 0.001 -20"><span class='ocrx_word' id='word_1_7' title='bbox 252 541 379 616; x_wconf 87' lang='lat' dir='ltr'><strong>bantur;</strong></span> <span class='ocrx_word' id='word_1_8' title='bbox 402 559 522 601; x_wconf 84' lang='lat' dir='ltr'><strong>uxorem</strong></span> <span class='ocrx_word' id='word_1_9' title='bbox 544 540 684 600; x_wconf 84' lang='lat' dir='ltr'><strong>Fulviam</strong></span> <span class='ocrx_word' id='word_1_10' title='bbox 705 540 840 600; x_wconf 88' lang='lat' dir='ltr'><strong>omnihus</strong></span> <span class='ocrx_word' id='word_1_11' title='bbox 861 540 950 599; x_wconf 87' lang='lat' dir='ltr'><strong>rebus</strong></span> <span class='ocrx_word' id='word_1_12' title='bbox 970 540 1097 620; x_wconf 89' lang='lat' dir='ltr'><strong>spoliare</strong></span> <span class='ocrx_word' id='word_1_13' title='bbox 1113 559 1154 601; x_wconf 86' lang='lat' dir='ltr'><strong>eu</strong></span> 
     </span>
     <span class='ocr_line' id='line_1_3' title="bbox 213 619 1165 698; baseline 0.001 -19"><span class='ocrx_word' id='word_1_14' title='bbox 213 621 387 698; x_wconf 71' lang='lat' dir='ltr'><strong>bpiehant3</strong></span> <span class='ocrx_word' id='word_1_15' title='bbox 409 621 515 680; x_wconf 87' lang='lat' dir='ltr'><strong>liberos</strong></span> <span class='ocrx_word' id='word_1_16' title='bbox 528 620 616 680; x_wconf 91' lang='lat' dir='ltr'><strong>etiam</strong></span> <span class='ocrx_word' id='word_1_17' title='bbox 636 621 822 698; x_wconf 79' lang='lat' dir='ltr'>exstinguere</span> <span class='ocrx_word' id='word_1_18' title='bbox 844 619 994 697; x_wconf 89' lang='lat' dir='ltr'><strong>parabant.</strong></span> <span class='ocrx_word' id='word_1_19' title='bbox 1036 621 1165 693; x_wconf 84' lang='lat' dir='ltr'><strong>Atticus,</strong></span> 
     </span>
     <span class='ocr_line' id='line_1_4' title="bbox 252 698 1166 778; baseline 0.002 -20"><span class='ocrx_word' id='word_1_20' title='bbox 252 717 344 778; x_wconf 88' lang='lat' dir='ltr'><strong>quum</strong></span> <span class='ocrx_word' id='word_1_21' title='bbox 365 700 515 760; x_wconf 89' lang='lat' dir='ltr'><strong>Ciceronis</strong></span> <span class='ocrx_word' id='word_1_22' title='bbox 535 699 636 759; x_wconf 91' lang='lat' dir='ltr'><strong>intima</strong></span> <span class='ocrx_word' id='word_1_23' title='bbox 659 698 854 757; x_wconf 74' lang='lat' dir='ltr'><strong>familiaritate</strong></span> <span class='ocrx_word' id='word_1_24' title='bbox 869 707 1009 769; x_wconf 85' lang='lat' dir='ltr'><strong>uteretur,</strong></span> <span class='ocrx_word' id='word_1_25' title='bbox 1024 701 1166 760; x_wconf 85' lang='lat' dir='ltr'><strong>amicissi-</strong></span> 
     </span>
     <span class='ocr_line' id='line_1_5' title="bbox 252 777 1166 850; baseline 0 -14"><span class='ocrx_word' id='word_1_26' title='bbox 252 797 318 838; x_wconf 93' lang='lat' dir='ltr'><strong>mus</strong></span> <span class='ocrx_word' id='word_1_27' title='bbox 331 789 408 839; x_wconf 86' lang='lat' dir='ltr'><strong>esset</strong></span> <span class='ocrx_word' id='word_1_28' title='bbox 426 777 526 850; x_wconf 89' lang='lat' dir='ltr'><strong>Bruto,</strong></span> <span class='ocrx_word' id='word_1_29' title='bbox 541 797 598 838; x_wconf 90' lang='lat' dir='ltr'><strong>nou</strong></span> <span class='ocrx_word' id='word_1_30' title='bbox 611 779 695 838; x_wconf 88' lang='lat' dir='ltr'><strong>modo</strong></span> <span class='ocrx_word' id='word_1_31' title='bbox 708 778 780 837; x_wconf 89' lang='lat' dir='ltr'><strong>nihil</strong></span> <span class='ocrx_word' id='word_1_32' title='bbox 803 779 840 836; x_wconf 92' lang='lat' dir='ltr'><strong>iis</strong></span> <span class='ocrx_word' id='word_1_33' title='bbox 858 777 977 836; x_wconf 80' lang='lat' dir='ltr'><strong>indulsit</strong></span> <span class='ocrx_word' id='word_1_34' title='bbox 991 777 1029 836; x_wconf 90' lang='lat' dir='ltr'><strong>ad</strong></span> <span class='ocrx_word' id='word_1_35' title='bbox 1042 779 1166 837; x_wconf 75' lang='lat' dir='ltr'><strong>Antoni·</strong></span> 
     </span>
     <span class='ocr_line' id='line_1_6' title="bbox 251 856 1167 934; baseline 0 -18"><span class='ocrx_word' id='word_1_36' title='bbox 251 875 302 916; x_wconf 88' lang='lat' dir='ltr'><strong>um</strong></span> <span class='ocrx_word' id='word_1_37' title='bbox 316 859 495 930; x_wconf 83' lang='lat' dir='ltr'><strong>violandum,</strong></span> <span class='ocrx_word' id='word_1_38' title='bbox 508 859 559 917; x_wconf 90' lang='lat' dir='ltr'><strong>sed</strong></span> <span class='ocrx_word' id='word_1_39' title='bbox 573 878 590 917; x_wconf 93' lang='lat' dir='ltr'><strong>e</strong></span> <span class='ocrx_word' id='word_1_40' title='bbox 604 859 749 918; x_wconf 88' lang='lat' dir='ltr'><strong>contrario</strong></span> <span class='ocrx_word' id='word_1_41' title='bbox 771 856 932 916; x_wconf 80' lang='lat' dir='ltr'><strong>familiares</strong></span> <span class='ocrx_word' id='word_1_42' title='bbox 952 858 1018 934; x_wconf 83' lang='lat' dir='ltr'><strong>ejus</strong></span> <span class='ocrx_word' id='word_1_43' title='bbox 1040 877 1078 916; x_wconf 88' lang='lat' dir='ltr'><strong>ex</strong></span> <span class='ocrx_word' id='word_1_44' title='bbox 1091 858 1167 916; x_wconf 90' lang='lat' dir='ltr'><strong>urbe</strong></span> 
     </span>
     <span class='ocr_line' id='line_1_7' title="bbox 251 935 1167 1016; baseline 0.001 -22"><span class='ocrx_word' id='word_1_45' title='bbox 251 937 457 1016; x_wconf 79' lang='lat' dir='ltr'><strong>profugientes,</strong></span> <span class='ocrx_word' id='word_1_46' title='bbox 478 946 620 1015; x_wconf 87' lang='lat' dir='ltr'><strong>quantum</strong></span> <span class='ocrx_word' id='word_1_47' title='bbox 642 938 741 1014; x_wconf 90' lang='lat' dir='ltr'><strong>potuit,</strong></span> <span class='ocrx_word' id='word_1_48' title='bbox 762 938 841 1006; x_wconf 88' lang='lat' dir='ltr'><strong>texit,</strong></span> <span class='ocrx_word' id='word_1_49' title='bbox 856 935 963 1014; x_wconf 78' lang='lat' dir='ltr'><strong>quibua</strong></span> <span class='ocrx_word' id='word_1_50' title='bbox 987 936 1075 994; x_wconf 89' lang='lat' dir='ltr'><strong>rebus</strong></span> <span class='ocrx_word' id='word_1_51' title='bbox 1092 937 1167 995; x_wconf 90' lang='lat' dir='ltr'><strong>indi·</strong></span> 
     </span>
     <span class='ocr_line' id='line_1_8' title="bbox 212 1015 1168 1095; baseline 0.003 -22"><span class='ocrx_word' id='word_1_52' title='bbox 212 1019 231 1073; x_wconf 77' lang='lat'>4</span> <span class='ocrx_word' id='word_1_53' title='bbox 251 1027 388 1095; x_wconf 85' lang='lat' dir='ltr'><strong>guerunt,</strong></span> <span class='ocrx_word' id='word_1_54' title='bbox 404 1017 524 1094; x_wconf 88' lang='lat' dir='ltr'><strong>adjuvit.</strong></span> <span class='ocrx_word' id='word_1_55' title='bbox 559 1015 592 1074; x_wconf 89' lang='lat' dir='ltr'><strong>P.</strong></span> <span class='ocrx_word' id='word_1_56' title='bbox 608 1035 678 1076; x_wconf 88' lang='lat' dir='ltr'><strong>vero</strong></span> <span class='ocrx_word' id='word_1_57' title='bbox 691 1015 849 1075; x_wconf 89' lang='lat' dir='ltr'><strong>Volumnio</strong></span> <span class='ocrx_word' id='word_1_58' title='bbox 863 1034 897 1072; x_wconf 92' lang='lat' dir='ltr'><strong>ea</strong></span> <span class='ocrx_word' id='word_1_59' title='bbox 909 1015 1018 1086; x_wconf 82' lang='lat' dir='ltr'><strong>tribuit,</strong></span> <span class='ocrx_word' id='word_1_60' title='bbox 1034 1026 1066 1073; x_wconf 91' lang='lat' dir='ltr'><strong>ut</strong></span> <span class='ocrx_word' id='word_1_61' title='bbox 1080 1015 1168 1093; x_wconf 86' lang='lat' dir='ltr'><strong>plura</strong></span> 
     </span>
     <span class='ocr_line' id='line_1_9' title="bbox 252 1093 1166 1174; baseline -0.002 -20"><span class='ocrx_word' id='word_1_62' title='bbox 252 1115 270 1154; x_wconf 89' lang='lat' dir='ltr'><strong>a</strong></span> <span class='ocrx_word' id='word_1_63' title='bbox 283 1105 401 1172; x_wconf 88' lang='lat' dir='ltr'><strong>parente</strong></span> <span class='ocrx_word' id='word_1_64' title='bbox 423 1097 569 1173; x_wconf 88' lang='lat' dir='ltr'><strong>proficisci</strong></span> <span class='ocrx_word' id='word_1_65' title='bbox 587 1113 643 1154; x_wconf 90' lang='lat' dir='ltr'><strong>non</strong></span> <span class='ocrx_word' id='word_1_66' title='bbox 657 1096 811 1174; x_wconf 88' lang='lat' dir='ltr'><strong>potuerint.</strong></span> <span class='ocrx_word' id='word_1_67' title='bbox 854 1093 912 1171; x_wconf 91' lang='lat' dir='ltr'><strong>Ipsi</strong></span> <span class='ocrx_word' id='word_1_68' title='bbox 926 1103 1025 1153; x_wconf 87' lang='lat' dir='ltr'><strong>autem</strong></span> <span class='ocrx_word' id='word_1_69' title='bbox 1039 1093 1166 1167; x_wconf 78' lang='lat' dir='ltr'><strong>Fuluiae,</strong></span> 
     </span>
     <span class='ocr_line' id='line_1_10' title="bbox 250 1174 1166 1254; baseline -0.001 -20"><span class='ocrx_word' id='word_1_70' title='bbox 250 1194 343 1252; x_wconf 92' lang='lat' dir='ltr'><strong>quum</strong></span> <span class='ocrx_word' id='word_1_71' title='bbox 363 1176 463 1234; x_wconf 90' lang='lat' dir='ltr'><strong>litibus</strong></span> <span class='ocrx_word' id='word_1_72' title='bbox 477 1176 664 1234; x_wconf 80' lang='lat' dir='ltr'><strong>distineretur</strong></span> <span class='ocrx_word' id='word_1_73' title='bbox 677 1175 849 1254; x_wconf 81' lang='lat' dir='ltr'><strong>magnisque</strong></span> <span class='ocrx_word' id='word_1_74' title='bbox 869 1174 1029 1232; x_wconf 88' lang='lat' dir='ltr'><strong>terroribus</strong></span> <span class='ocrx_word' id='word_1_75' title='bbox 1043 1191 1166 1233; x_wconf 86' lang='lat' dir='ltr'><strong>vexare-</strong></span> 
     </span>
     <span class='ocr_line' id='line_1_11' title="bbox 250 1252 1166 1330; baseline -0.002 -17"><span class='ocrx_word' id='word_1_76' title='bbox 250 1264 308 1326; x_wconf 90' lang='lat' dir='ltr'><strong>tur,</strong></span> <span class='ocrx_word' id='word_1_77' title='bbox 322 1264 403 1314; x_wconf 87' lang='lat' dir='ltr'><strong>tanta</strong></span> <span class='ocrx_word' id='word_1_78' title='bbox 424 1255 475 1313; x_wconf 91' lang='lat' dir='ltr'><strong>dili</strong></span> <span class='ocrx_word' id='word_1_79' title='bbox 496 1255 576 1314; x_wconf 90' lang='lat' dir='ltr'><strong>entia</strong></span> <span class='ocrx_word' id='word_1_80' title='bbox 588 1254 717 1313; x_wconf 86' lang='lat' dir='ltr'><strong>cilicium</strong></span> <span class='ocrx_word' id='word_1_81' title='bbox 731 1272 820 1313; x_wconf 92' lang='lat' dir='ltr'><strong>suum</strong></span> <span class='ocrx_word' id='word_1_82' title='bbox 840 1253 979 1330; x_wconf 72' lang='lat' dir='ltr'><strong>prestitit,</strong></span> <span class='ocrx_word' id='word_1_83' title='bbox 994 1261 1027 1311; x_wconf 90' lang='lat' dir='ltr'><strong>ut</strong></span> <span class='ocrx_word' id='word_1_84' title='bbox 1047 1252 1166 1311; x_wconf 90' lang='lat' dir='ltr'><strong>nullum</strong></span> 
     </span>
     <span class='ocr_line' id='line_1_12' title="bbox 251 1275 1167 1409; baseline 0.001 -19"><span class='ocrx_word' id='word_1_85' title='bbox 251 1333 304 1391; x_wconf 91' lang='lat' dir='ltr'><strong>illa</strong></span> <span class='ocrx_word' id='word_1_86' title='bbox 317 1336 422 1394; x_wconf 87' lang='lat' dir='ltr'><strong>stiterit</strong></span> <span class='ocrx_word' id='word_1_87' title='bbox 432 1275 629 1393; x_wconf 70' lang='lat' dir='ltr'><strong>vadimonium</strong></span> <span class='ocrx_word' id='word_1_88' title='bbox 644 1335 707 1392; x_wconf 89' lang='lat' dir='ltr'><strong>sine</strong></span> <span class='ocrx_word' id='word_1_89' title='bbox 721 1334 829 1402; x_wconf 79' lang='lat' dir='ltr'><strong>Attico,</strong></span> <span class='ocrx_word' id='word_1_90' title='bbox 839 1332 888 1390; x_wconf 90' lang='lat' dir='ltr'><strong>hic</strong></span> <span class='ocrx_word' id='word_1_91' title='bbox 901 1349 1021 1409; x_wconf 87' lang='lat' dir='ltr'><strong>sponsor</strong></span> <span class='ocrx_word' id='word_1_92' title='bbox 1033 1332 1167 1392; x_wconf 83' lang='lat' dir='ltr'><strong>omnium</strong></span> 
     </span>
     <span class='ocr_line' id='line_1_13' title="bbox 212 1409 1167 1489; baseline 0.001 -20"><span class='ocrx_word' id='word_1_93' title='bbox 212 1413 231 1469; x_wconf 77' lang='lat'><strong>5</strong></span> <span class='ocrx_word' id='word_1_94' title='bbox 252 1429 350 1472; x_wconf 90' lang='lat' dir='ltr'><strong>rerum</strong></span> <span class='ocrx_word' id='word_1_95' title='bbox 364 1413 461 1472; x_wconf 87' lang='lat' dir='ltr'><strong>fuerit.</strong></span> <span class='ocrx_word' id='word_1_96' title='bbox 503 1413 696 1484; x_wconf 86' lang='lat' dir='ltr'><strong>Quinetiam,</strong></span> <span class='ocrx_word' id='word_1_97' title='bbox 710 1429 802 1489; x_wconf 91' lang='lat' dir='ltr'><strong>quum</strong></span> <span class='ocrx_word' id='word_1_98' title='bbox 824 1412 877 1469; x_wconf 90' lang='lat' dir='ltr'><strong>illa</strong></span> <span class='ocrx_word' id='word_1_99' title='bbox 891 1409 1014 1469; x_wconf 88' lang='lat' dir='ltr'><strong>fundum</strong></span> <span class='ocrx_word' id='word_1_100' title='bbox 1033 1411 1167 1470; x_wconf 87' lang='lat' dir='ltr'><strong>secunda</strong></span> 
     </span>
     <span class='ocr_line' id='line_1_14' title="bbox 252 1491 1165 1569; baseline 0 -20"><span class='ocrx_word' id='word_1_101' title='bbox 252 1491 367 1551; x_wconf 88' lang='lat' dir='ltr'><strong>fortuna</strong></span> <span class='ocrx_word' id='word_1_102' title='bbox 380 1494 498 1552; x_wconf 85' lang='lat' dir='ltr'><strong>emisset</strong></span> <span class='ocrx_word' id='word_1_103' title='bbox 517 1495 548 1551; x_wconf 92' lang='lat' dir='ltr'><strong>in</strong></span> <span class='ocrx_word' id='word_1_104' title='bbox 562 1491 648 1561; x_wconf 90' lang='lat' dir='ltr'><strong>diem,</strong></span> <span class='ocrx_word' id='word_1_105' title='bbox 663 1510 759 1568; x_wconf 88' lang='lat' dir='ltr'><strong>neque</strong></span> <span class='ocrx_word' id='word_1_106' title='bbox 774 1499 837 1569; x_wconf 87' lang='lat' dir='ltr'><strong>post</strong></span> <span class='ocrx_word' id='word_1_107' title='bbox 849 1491 1048 1549; x_wconf 80' lang='lat' dir='ltr'><strong>calamitatem</strong></span> <span class='ocrx_word' id='word_1_108' title='bbox 1061 1507 1165 1550; x_wconf 83' lang='lat' dir='ltr'><strong>versu·</strong></span> 
     </span>
     <span class='ocr_line' id='line_1_15' title="bbox 252 1568 1166 1650; baseline 0 -22"><span class='ocrx_word' id='word_1_109' title='bbox 252 1589 315 1629; x_wconf 90' lang='lat' dir='ltr'><strong>ram</strong></span> <span class='ocrx_word' id='word_1_110' title='bbox 337 1571 433 1632; x_wconf 87' lang='lat' dir='ltr'><strong>facere</strong></span> <span class='ocrx_word' id='word_1_111' title='bbox 456 1574 603 1650; x_wconf 88' lang='lat' dir='ltr'><strong>potuisset,</strong></span> <span class='ocrx_word' id='word_1_112' title='bbox 626 1571 677 1630; x_wconf 92' lang='lat' dir='ltr'><strong>ille</strong></span> <span class='ocrx_word' id='word_1_113' title='bbox 705 1590 737 1630; x_wconf 90' lang='lat' dir='ltr'><strong>se</strong></span> <span class='ocrx_word' id='word_1_114' title='bbox 755 1568 926 1647; x_wconf 85' lang='lat' dir='ltr'><strong>interposuit</strong></span> <span class='ocrx_word' id='word_1_115' title='bbox 948 1569 1166 1647; x_wconf 83' lang='lat' dir='ltr'><strong>pecuniamque</strong></span> 
     </span>
     <span class='ocr_line' id='line_1_16' title="bbox 251 1648 1165 1728; baseline -0.001 -21"><span class='ocrx_word' id='word_1_116' title='bbox 251 1651 314 1709; x_wconf 86' lang='lat' dir='ltr'><strong>sine</strong></span> <span class='ocrx_word' id='word_1_117' title='bbox 329 1650 425 1710; x_wconf 88' lang='lat' dir='ltr'><strong>fenore</strong></span> <span class='ocrx_word' id='word_1_118' title='bbox 439 1653 561 1728; x_wconf 85' lang='lat' dir='ltr'><strong>sineque</strong></span> <span class='ocrx_word' id='word_1_119' title='bbox 575 1651 638 1709; x_wconf 90' lang='lat' dir='ltr'><strong>ulla</strong></span> <span class='ocrx_word' id='word_1_120' title='bbox 653 1650 836 1728; x_wconf 86' lang='lat' dir='ltr'><strong>stipulatione</strong></span> <span class='ocrx_word' id='word_1_121' title='bbox 854 1649 910 1727; x_wconf 91' lang='lat' dir='ltr'><strong>[ei]</strong></span> <span class='ocrx_word' id='word_1_122' title='bbox 925 1648 1056 1720; x_wconf 88' lang='lat' dir='ltr'><strong>credidit,</strong></span> <span class='ocrx_word' id='word_1_123' title='bbox 1071 1650 1165 1707; x_wconf 85' lang='lat' dir='ltr'><strong>maxi-</strong></span> 
     </span>
     <span class='ocr_line' id='line_1_17' title="bbox 251 1731 1165 1807; baseline 0.001 -21"><span class='ocrx_word' id='word_1_124' title='bbox 251 1747 334 1787; x_wconf 92' lang='lat' dir='ltr'><strong>mum</strong></span> <span class='ocrx_word' id='word_1_125' title='bbox 352 1731 521 1789; x_wconf 88' lang='lat' dir='ltr'><strong>existimans</strong></span> <span class='ocrx_word' id='word_1_126' title='bbox 542 1740 695 1807; x_wconf 76' lang='lat' dir='ltr'><strong>quaestum,</strong></span> <span class='ocrx_word' id='word_1_127' title='bbox 720 1745 877 1788; x_wconf 85' lang='lat' dir='ltr'><strong>memorem</strong></span> <span class='ocrx_word' id='word_1_128' title='bbox 898 1738 1073 1807; x_wconf 83' lang='lat' dir='ltr'><strong>gratumque</strong></span> <span class='ocrx_word' id='word_1_129' title='bbox 1095 1747 1165 1806; x_wconf 80' lang='lat' dir='ltr'><strong>eog-</strong></span> 
     </span>
     <span class='ocr_line' id='line_1_18' title="bbox 251 1805 1167 1887; baseline 0.001 -22"><span class='ocrx_word' id='word_1_130' title='bbox 251 1809 341 1880; x_wconf 90' lang='lat' dir='ltr'><strong>nosei,</strong></span> <span class='ocrx_word' id='word_1_131' title='bbox 356 1810 503 1886; x_wconf 89' lang='lat' dir='ltr'><strong>simulque</strong></span> <span class='ocrx_word' id='word_1_132' title='bbox 526 1809 648 1887; x_wconf 85' lang='lat' dir='ltr'><strong>aperire,</strong></span> <span class='ocrx_word' id='word_1_133' title='bbox 662 1829 694 1867; x_wconf 90' lang='lat' dir='ltr'><strong>se</strong></span> <span class='ocrx_word' id='word_1_134' title='bbox 707 1827 763 1868; x_wconf 89' lang='lat' dir='ltr'><strong>non</strong></span> <span class='ocrx_word' id='word_1_135' title='bbox 786 1807 917 1878; x_wconf 74' lang='lat' dir='ltr'><strong>fortunae,</strong></span> <span class='ocrx_word' id='word_1_136' title='bbox 932 1805 984 1866; x_wconf 88' lang='lat' dir='ltr'><strong>sed</strong></span> <span class='ocrx_word' id='word_1_137' title='bbox 997 1807 1167 1866; x_wconf 85' lang='lat' dir='ltr'><strong>hominibus</strong></span> 
     </span>
     <span class='ocr_line' id='line_1_19' title="bbox 211 1885 1165 1964; baseline 0.001 -21"><span class='ocrx_word' id='word_1_138' title='bbox 211 1888 231 1943; x_wconf 80' lang='grc' dir='ltr'>θ</span> <span class='ocrx_word' id='word_1_139' title='bbox 251 1887 345 1946; x_wconf 89' lang='lat' dir='ltr'><strong>solere</strong></span> <span class='ocrx_word' id='word_1_140' title='bbox 365 1907 431 1946; x_wconf 89' lang='lat' dir='ltr'><strong>esse</strong></span> <span class='ocrx_word' id='word_1_141' title='bbox 450 1890 590 1946; x_wconf 83' lang='lat' dir='ltr'><strong>amicum.</strong></span> <span class='ocrx_word' id='word_1_142' title='bbox 630 1887 707 1954; x_wconf 79' lang='lat' dir='ltr'><strong>Quae</strong></span> <span class='ocrx_word' id='word_1_143' title='bbox 728 1905 820 1964; x_wconf 91' lang='lat' dir='ltr'><strong>quum</strong></span> <span class='ocrx_word' id='word_1_144' title='bbox 842 1885 977 1957; x_wconf 74' lang='lat' dir='ltr'><strong>faciebat,</strong></span> <span class='ocrx_word' id='word_1_145' title='bbox 991 1904 1078 1945; x_wconf 89' lang='lat' dir='ltr'><strong>nemo</strong></span> <span class='ocrx_word' id='word_1_146' title='bbox 1093 1905 1165 1945; x_wconf 88' lang='lat' dir='ltr'><strong>eum</strong></span> 
     </span>
     <span class='ocr_line' id='line_1_20' title="bbox 250 1965 1166 2044; baseline 0 -22"><span class='ocrx_word' id='word_1_147' title='bbox 250 1966 388 2042; x_wconf 88' lang='lat' dir='ltr'><strong>temporis</strong></span> <span class='ocrx_word' id='word_1_148' title='bbox 401 1985 493 2025; x_wconf 90' lang='lat' dir='ltr'><strong>causa</strong></span> <span class='ocrx_word' id='word_1_149' title='bbox 507 1967 606 2025; x_wconf 86' lang='lat' dir='ltr'><strong>facere</strong></span> <span class='ocrx_word' id='word_1_150' title='bbox 620 1976 730 2044; x_wconf 90' lang='lat' dir='ltr'><strong>poterat</strong></span> <span class='ocrx_word' id='word_1_151' title='bbox 744 1967 919 2026; x_wconf 89' lang='lat' dir='ltr'><strong>existimare.</strong></span> <span class='ocrx_word' id='word_1_152' title='bbox 949 1965 1071 2024; x_wconf 87' lang='lat' dir='ltr'><strong>Nemini</strong></span> <span class='ocrx_word' id='word_1_153' title='bbox 1083 1965 1166 2024; x_wconf 89' lang='lat' dir='ltr'><strong>enim</strong></span> 
     </span>
     <span class='ocr_line' id='line_1_21' title="bbox 211 2044 1166 2122; baseline 0.004 -22"><span class='ocrx_word' id='word_1_154' title='bbox 211 2046 232 2100; x_wconf 83' lang='lat'>7</span> <span class='ocrx_word' id='word_1_155' title='bbox 251 2044 281 2101; x_wconf 90' lang='lat' dir='ltr'><strong>in</strong></span> <span class='ocrx_word' id='word_1_156' title='bbox 296 2045 458 2121; x_wconf 90' lang='lat' dir='ltr'><strong>opinionem</strong></span> <span class='ocrx_word' id='word_1_157' title='bbox 472 2047 614 2116; x_wconf 87' lang='lat' dir='ltr'><strong>veniebat,</strong></span> <span class='ocrx_word' id='word_1_158' title='bbox 630 2046 790 2104; x_wconf 86' lang='lat' dir='ltr'><strong>Antonium</strong></span> <span class='ocrx_word' id='word_1_159' title='bbox 801 2063 900 2104; x_wconf 89' lang='lat' dir='ltr'><strong>rerum</strong></span> <span class='ocrx_word' id='word_1_160' title='bbox 910 2046 1078 2122; x_wconf 90' lang='lat' dir='ltr'><strong>potiturum.</strong></span> <span class='ocrx_word' id='word_1_161' title='bbox 1103 2045 1166 2104; x_wconf 84' lang='lat' dir='ltr'><strong>Sed</strong></span> 
     </span>
     <span class='ocr_line' id='line_1_22' title="bbox 252 2123 1166 2202; baseline 0.002 -21"><span class='ocrx_word' id='word_1_162' title='bbox 252 2125 359 2182; x_wconf 90' lang='lat' dir='ltr'><strong>sensim</strong></span> <span class='ocrx_word' id='word_1_163' title='bbox 374 2124 399 2182; x_wconf 89' lang='lat' dir='ltr'><strong>is</strong></span> <span class='ocrx_word' id='word_1_164' title='bbox 414 2144 432 2182; x_wconf 96' lang='lat' dir='ltr'><strong>a</strong></span> <span class='ocrx_word' id='word_1_165' title='bbox 446 2123 593 2183; x_wconf 87' lang='lat' dir='ltr'><strong>nonnullis</strong></span> <span class='ocrx_word' id='word_1_166' title='bbox 606 2125 790 2202; x_wconf 91' lang='lat' dir='ltr'><strong>optimatibus</strong></span> <span class='ocrx_word' id='word_1_167' title='bbox 804 2124 1076 2202; x_wconf 88' lang='lat' dir='ltr'><strong>reprehendebatur,</strong></span> <span class='ocrx_word' id='word_1_168' title='bbox 1086 2123 1166 2201; x_wconf 90' lang='lat' dir='ltr'><strong>quod</strong></span> 
     </span>
     <span class='ocr_line' id='line_1_23' title="bbox 243 2202 1165 2280; baseline -0.002 -16"><span class='ocrx_word' id='word_1_169' title='bbox 243 2221 356 2280; x_wconf 85' lang='lat' dir='ltr'><strong>parum</strong></span> <span class='ocrx_word' id='word_1_170' title='bbox 376 2202 470 2263; x_wconf 88' lang='lat' dir='ltr'><strong>odisse</strong></span> <span class='ocrx_word' id='word_1_171' title='bbox 492 2204 585 2263; x_wconf 90' lang='lat' dir='ltr'><strong>malos</strong></span> <span class='ocrx_word' id='word_1_172' title='bbox 606 2205 687 2263; x_wconf 89' lang='lat' dir='ltr'><strong>cives</strong></span> <span class='ocrx_word' id='word_1_173' title='bbox 709 2204 867 2262; x_wconf 89' lang='lat' dir='ltr'><strong>videretur.</strong></span> <span class='ocrx_word' id='word_1_174' title='bbox 923 2203 977 2264; x_wconf 93' lang='lat' dir='ltr'><strong>Ille</strong></span> <span class='ocrx_word' id='word_1_175' title='bbox 998 2215 1097 2262; x_wconf 80' lang='lat' dir='ltr'><strong>auteur</strong></span> <span class='ocrx_word' id='word_1_176' title='bbox 1115 2204 1165 2262; x_wconf 89' lang='lat' dir='ltr'><strong>sui</strong></span> 
     </span>
     <span class='ocr_line' id='line_1_24' title="bbox 248 2281 1164 2361; baseline 0.003 -22"><span class='ocrx_word' id='word_1_177' title='bbox 248 2281 353 2359; x_wconf 86' lang='lat' dir='ltr'><strong>judicii</strong></span> <span class='ocrx_word' id='word_1_178' title='bbox 367 2283 470 2359; x_wconf 81' lang='lat' dir='ltr'><strong>potius,</strong></span> <span class='ocrx_word' id='word_1_179' title='bbox 485 2283 554 2360; x_wconf 91' lang='lat' dir='ltr'><strong>quid</strong></span> <span class='ocrx_word' id='word_1_180' title='bbox 565 2303 597 2342; x_wconf 88' lang='lat' dir='ltr'><strong>se</strong></span> <span class='ocrx_word' id='word_1_181' title='bbox 612 2282 708 2342; x_wconf 87' lang='lat' dir='ltr'><strong>facere</strong></span> <span class='ocrx_word' id='word_1_182' title='bbox 722 2301 776 2361; x_wconf 90' lang='lat' dir='ltr'><strong>par</strong></span> <span class='ocrx_word' id='word_1_183' title='bbox 788 2293 874 2354; x_wconf 86' lang='lat' dir='ltr'><strong>esset,</strong></span> <span class='ocrx_word' id='word_1_184' title='bbox 885 2283 1061 2354; x_wconf 87' lang='lat' dir='ltr'><strong>intuebatur,</strong></span> <span class='ocrx_word' id='word_1_185' title='bbox 1072 2301 1164 2361; x_wconf 87' lang='lat' dir='ltr'><strong>quam</strong></span> 
     </span>
     <span class='ocr_line' id='line_1_25' title="bbox 251 2361 666 2440; baseline 0.005 -22"><span class='ocrx_word' id='word_1_186' title='bbox 251 2361 320 2440; x_wconf 93' lang='lat' dir='ltr'><strong>quid</strong></span> <span class='ocrx_word' id='word_1_187' title='bbox 336 2361 387 2420; x_wconf 92' lang='lat' dir='ltr'><strong>alii</strong></span> <span class='ocrx_word' id='word_1_188' title='bbox 401 2361 549 2421; x_wconf 90' lang='lat' dir='ltr'><strong>laudaturi</strong></span> <span class='ocrx_word' id='word_1_189' title='bbox 564 2361 666 2421; x_wconf 89' lang='lat' dir='ltr'><strong>forent.</strong></span> 
     </span>
     <span class='ocr_line' id='line_1_26' title="bbox 214 2440 1166 2502; baseline 0.004 -6"><span class='ocrx_word' id='word_1_190' title='bbox 214 2441 229 2496; x_wconf 95' lang='lat'>1</span> <span class='ocrx_word' id='word_1_191' title='bbox 292 2440 330 2500; x_wconf 90' lang='lat' dir='ltr'><strong>X.</strong></span> <span class='ocrx_word' id='word_1_192' title='bbox 350 2441 499 2501; x_wconf 84' lang='lat' dir='ltr'><strong>Conversa</strong></span> <span class='ocrx_word' id='word_1_193' title='bbox 512 2442 607 2501; x_wconf 89' lang='lat' dir='ltr'><strong>subito</strong></span> <span class='ocrx_word' id='word_1_194' title='bbox 627 2441 742 2501; x_wconf 88' lang='lat' dir='ltr'><strong>fortuna</strong></span> <span class='ocrx_word' id='word_1_195' title='bbox 754 2450 807 2500; x_wconf 88' lang='lat' dir='ltr'><strong>est.</strong></span> <span class='ocrx_word' id='word_1_196' title='bbox 850 2440 891 2502; x_wconf 92' lang='lat' dir='ltr'><strong>Ut</strong></span> <span class='ocrx_word' id='word_1_197' title='bbox 911 2441 1058 2500; x_wconf 87' lang='lat' dir='ltr'><strong>Antonius</strong></span> <span class='ocrx_word' id='word_1_198' title='bbox 1079 2441 1166 2500; x_wconf 88' lang='lat' dir='ltr'><strong>rediit</strong></span> 
     </span>
     <span class='ocr_line' id='line_1_27' title="bbox 252 2519 1165 2600; baseline 0.003 -23"><span class='ocrx_word' id='word_1_199' title='bbox 252 2519 282 2577; x_wconf 90' lang='lat' dir='ltr'><strong>in</strong></span> <span class='ocrx_word' id='word_1_200' title='bbox 297 2519 420 2592; x_wconf 91' lang='lat' dir='ltr'><strong>Italiam,</strong></span> <span class='ocrx_word' id='word_1_201' title='bbox 430 2539 515 2580; x_wconf 90' lang='lat' dir='ltr'><strong>nemo</strong></span> <span class='ocrx_word' id='word_1_202' title='bbox 528 2539 585 2580; x_wconf 90' lang='lat' dir='ltr'><strong>non</strong></span> <span class='ocrx_word' id='word_1_203' title='bbox 594 2521 743 2600; x_wconf 87' lang='lat' dir='ltr'><strong>magnoin</strong></span> <span class='ocrx_word' id='word_1_204' title='bbox 757 2520 888 2598; x_wconf 88' lang='lat' dir='ltr'><strong>periculo</strong></span> <span class='ocrx_word' id='word_1_205' title='bbox 899 2520 1032 2590; x_wconf 85' lang='lat' dir='ltr'><strong>Atticum</strong></span> <span class='ocrx_word' id='word_1_206' title='bbox 1046 2530 1165 2597; x_wconf 88' lang='lat' dir='ltr'><strong>putarat</strong></span> 
     </span>
     <span class='ocr_line' id='line_1_28' title="bbox 212 2597 1165 2677; baseline 0.004 -23"><span class='ocrx_word' id='word_1_207' title='bbox 212 2597 232 2654; x_wconf 79' lang='lat'>2</span> <span class='ocrx_word' id='word_1_208' title='bbox 253 2609 369 2677; x_wconf 85' lang='lat' dir='ltr'><strong>propter</strong></span> <span class='ocrx_word' id='word_1_209' title='bbox 382 2601 513 2659; x_wconf 89' lang='lat' dir='ltr'><strong>intimam</strong></span> <span class='ocrx_word' id='word_1_210' title='bbox 527 2601 755 2658; x_wconf 84' lang='lat' dir='ltr'><strong>familiaritatem</strong></span> <span class='ocrx_word' id='word_1_211' title='bbox 768 2599 919 2658; x_wconf 81' lang='lat' dir='ltr'><strong>Ciceronis</strong></span> <span class='ocrx_word' id='word_1_212' title='bbox 931 2610 961 2658; x_wconf 90' lang='lat' dir='ltr'><strong>et</strong></span> <span class='ocrx_word' id='word_1_213' title='bbox 975 2599 1070 2658; x_wconf 88' lang='lat' dir='ltr'><strong>Bruti.</strong></span> <span class='ocrx_word' id='word_1_214' title='bbox 1105 2598 1165 2658; x_wconf 89' lang='lat' dir='ltr'><strong>lta·</strong></span> 
     </span>
     <span class='ocr_line' id='line_1_29' title="bbox 252 2676 1165 2756; baseline 0.001 -19"><span class='ocrx_word' id='word_1_215' title='bbox 252 2697 310 2754; x_wconf 91' lang='lat' dir='ltr'><strong>que</strong></span> <span class='ocrx_word' id='word_1_216' title='bbox 320 2679 356 2737; x_wconf 91' lang='lat' dir='ltr'><strong>ad</strong></span> <span class='ocrx_word' id='word_1_217' title='bbox 371 2679 528 2738; x_wconf 79' lang='lat' dir='ltr'><strong>advemum</strong></span> <span class='ocrx_word' id='word_1_218' title='bbox 541 2679 747 2756; x_wconf 89' lang='lat' dir='ltr'><strong>imperatorum</strong></span> <span class='ocrx_word' id='word_1_219' title='bbox 755 2678 794 2736; x_wconf 91' lang='lat' dir='ltr'><strong>de</strong></span> <span class='ocrx_word' id='word_1_220' title='bbox 807 2677 868 2736; x_wconf 84' lang='lat' dir='ltr'><strong>foro</strong></span> <span class='ocrx_word' id='word_1_221' title='bbox 876 2676 1048 2749; x_wconf 80' lang='lat' dir='ltr'><strong>decesserat,</strong></span> <span class='ocrx_word' id='word_1_222' title='bbox 1057 2678 1165 2738; x_wconf 89' lang='lat' dir='ltr'><strong>timens</strong></span> 
     </span>
     <span class='ocr_line' id='line_1_30' title="bbox 252 2757 1165 2835; baseline 0.004 -23"><span class='ocrx_word' id='word_1_223' title='bbox 252 2757 498 2834; x_wconf 89' lang='lat' dir='ltr'><strong>proscriptionem,</strong></span> <span class='ocrx_word' id='word_1_224' title='bbox 512 2758 677 2834; x_wconf 89' lang='lat' dir='ltr'><strong>latebatque</strong></span> <span class='ocrx_word' id='word_1_225' title='bbox 692 2757 769 2835; x_wconf 88' lang='lat' dir='ltr'><strong>apud</strong></span> <span class='ocrx_word' id='word_1_226' title='bbox 791 2757 825 2816; x_wconf 88' lang='lat' dir='ltr'><strong>P.</strong></span> <span class='ocrx_word' id='word_1_227' title='bbox 840 2757 1041 2829; x_wconf 89' lang='lat' dir='ltr'><strong>Volumnium,</strong></span> <span class='ocrx_word' id='word_1_228' title='bbox 1056 2758 1116 2828; x_wconf 89' lang='lat' dir='ltr'><strong>cui,</strong></span> <span class='ocrx_word' id='word_1_229' title='bbox 1131 2768 1165 2816; x_wconf 91' lang='lat' dir='ltr'><strong>ut</strong></span> 
     </span>
     <span class='ocr_line' id='line_1_31' title="bbox 252 2835 1165 2930; baseline 0.001 -36"><span class='ocrx_word' id='word_1_230' title='bbox 252 2835 437 2905; x_wconf 88' lang='lat' dir='ltr'><strong>ostendimus,</strong></span> <span class='ocrx_word' id='word_1_231' title='bbox 455 2837 555 2913; x_wconf 93' lang='lat' dir='ltr'><strong>paullo</strong></span> <span class='ocrx_word' id='word_1_232' title='bbox 577 2846 643 2894; x_wconf 92' lang='lat' dir='ltr'><strong>ante</strong></span> <span class='ocrx_word' id='word_1_233' title='bbox 667 2855 750 2914; x_wconf 92' lang='lat' dir='ltr'><strong>opem</strong></span> <span class='ocrx_word' id='word_1_234' title='bbox 775 2835 897 2896; x_wconf 88' lang='lat' dir='ltr'><strong>tulerat:</strong></span> <span class='ocrx_word' id='word_1_235' title='bbox 919 2835 1014 2930; x_wconf 82' lang='lat' dir='ltr'><strong>(tanta</strong></span> <span class='ocrx_word' id='word_1_236' title='bbox 1036 2837 1165 2895; x_wconf 85' lang='lat' dir='ltr'><strong>varietas</strong></span> 
     </span>
     <span class='ocr_line' id='line_1_32' title="bbox 253 2913 1165 2992; baseline 0.002 -20"><span class='ocrx_word' id='word_1_237' title='bbox 253 2915 288 2973; x_wconf 90' lang='lat' dir='ltr'><strong>iis</strong></span> <span class='ocrx_word' id='word_1_238' title='bbox 309 2914 486 2992; x_wconf 90' lang='lat' dir='ltr'><strong>temporibus</strong></span> <span class='ocrx_word' id='word_1_239' title='bbox 509 2915 563 2973; x_wconf 87' lang='lat' dir='ltr'><strong>fuit</strong></span> <span class='ocrx_word' id='word_1_240' title='bbox 587 2914 719 2985; x_wconf 74' lang='lat' dir='ltr'><strong>fortunae,</strong></span> <span class='ocrx_word' id='word_1_241' title='bbox 745 2925 777 2974; x_wconf 91' lang='lat' dir='ltr'><strong>ut</strong></span> <span class='ocrx_word' id='word_1_242' title='bbox 801 2915 884 2974; x_wconf 91' lang='lat' dir='ltr'><strong>modo</strong></span> <span class='ocrx_word' id='word_1_243' title='bbox 905 2913 1044 2985; x_wconf 89' lang='lat' dir='ltr'><strong>h1‚modo</strong></span> <span class='ocrx_word' id='word_1_244' title='bbox 1066 2915 1111 2974; x_wconf 93' lang='lat' dir='ltr'><strong>illi</strong></span> <span class='ocrx_word' id='word_1_245' title='bbox 1132 2915 1165 2974; x_wconf 91' lang='lat' dir='ltr'><strong>in</strong></span> 
     </span>
     <span class='ocr_line' id='line_1_33' title="bbox 252 2992 1163 3072; baseline 0.002 -20"><span class='ocrx_word' id='word_1_246' title='bbox 252 3013 365 3052; x_wconf 86' lang='lat' dir='ltr'><strong>summo</strong></span> <span class='ocrx_word' id='word_1_247' title='bbox 379 3003 476 3052; x_wconf 89' lang='lat' dir='ltr'><strong>essent</strong></span> <span class='ocrx_word' id='word_1_248' title='bbox 490 3003 541 3052; x_wconf 91' lang='lat' dir='ltr'><strong>aut</strong></span> <span class='ocrx_word' id='word_1_249' title='bbox 552 2992 676 3072; x_wconf 86' lang='lat' dir='ltr'><strong>fastigio,</strong></span> <span class='ocrx_word' id='word_1_250' title='bbox 697 3003 749 3052; x_wconf 90' lang='lat' dir='ltr'><strong>aut</strong></span> <span class='ocrx_word' id='word_1_251' title='bbox 767 2994 909 3071; x_wconf 88' lang='lat' dir='ltr'><strong>periculo)</strong></span> <span class='ocrx_word' id='word_1_252' title='bbox 924 2995 1105 3071; x_wconf 89' lang='lat' dir='ltr'><strong>habebatque</strong></span> <span class='ocrx_word' id='word_1_253' title='bbox 1119 3014 1163 3054; x_wconf 87' lang='lat' dir='ltr'><strong>se-</strong></span> 
     </span>
     <span class='ocr_line' id='line_1_34' title="bbox 252 3072 1163 3150; baseline -0.001 -19"><span class='ocrx_word' id='word_1_254' title='bbox 252 3091 322 3131; x_wconf 89' lang='lat' dir='ltr'><strong>cum</strong></span> <span class='ocrx_word' id='word_1_255' title='bbox 342 3072 382 3139; x_wconf 81' lang='lat' dir='ltr'><strong>Q.</strong></span> <span class='ocrx_word' id='word_1_256' title='bbox 399 3072 530 3132; x_wconf 84' lang='lat' dir='ltr'><strong>Gellium</strong></span> <span class='ocrx_word' id='word_1_257' title='bbox 543 3072 668 3142; x_wconf 90' lang='lat' dir='ltr'><strong>Canum,</strong></span> <span class='ocrx_word' id='word_1_258' title='bbox 687 3073 830 3148; x_wconf 75' lang='lat' dir='ltr'><strong>aequalem</strong></span> <span class='ocrx_word' id='word_1_259' title='bbox 844 3073 1084 3150; x_wconf 90' lang='lat' dir='ltr'><strong>simillimumque</strong></span> <span class='ocrx_word' id='word_1_260' title='bbox 1104 3073 1163 3132; x_wconf 88' lang='lat' dir='ltr'><strong>eui.</strong></span> 
     </span>
     <span class='ocr_line' id='line_1_35' title="bbox 213 3151 1165 3230; baseline 0.001 -21"><span class='ocrx_word' id='word_1_261' title='bbox 213 3154 232 3209; x_wconf 80' lang='lat'>8</span> <span class='ocrx_word' id='word_1_262' title='bbox 253 3151 319 3211; x_wconf 88' lang='lat' dir='ltr'><strong>Hoc</strong></span> <span class='ocrx_word' id='word_1_263' title='bbox 340 3171 455 3229; x_wconf 91' lang='lat' dir='ltr'><strong>quoque</strong></span> <span class='ocrx_word' id='word_1_264' title='bbox 478 3152 516 3210; x_wconf 90' lang='lat' dir='ltr'><strong>sit</strong></span> <span class='ocrx_word' id='word_1_265' title='bbox 539 3152 632 3210; x_wconf 84' lang='lat' dir='ltr'><strong>Attici</strong></span> <span class='ocrx_word' id='word_1_266' title='bbox 654 3153 786 3210; x_wconf 88' lang='lat' dir='ltr'><strong>bonitatis</strong></span> <span class='ocrx_word' id='word_1_267' title='bbox 806 3151 982 3230; x_wconf 86' lang='lat' dir='ltr'><strong>exemplum,</strong></span> <span class='ocrx_word' id='word_1_268' title='bbox 997 3152 1074 3230; x_wconf 91' lang='lat' dir='ltr'><strong>quod</strong></span> <span class='ocrx_word' id='word_1_269' title='bbox 1094 3171 1165 3211; x_wconf 87' lang='lat' dir='ltr'><strong>eum</strong></span> 
     </span>
     <span class='ocr_line' id='line_1_36' title="bbox 252 3231 1164 3310; baseline 0.001 -21"><span class='ocrx_word' id='word_1_270' title='bbox 252 3251 296 3302; x_wconf 91' lang='lat' dir='ltr'><strong>eo,</strong></span> <span class='ocrx_word' id='word_1_271' title='bbox 320 3249 409 3308; x_wconf 91' lang='lat' dir='ltr'><strong>quem</strong></span> <span class='ocrx_word' id='word_1_272' title='bbox 432 3249 556 3310; x_wconf 89' lang='lat' dir='ltr'><strong>puerum</strong></span> <span class='ocrx_word' id='word_1_273' title='bbox 576 3231 606 3289; x_wconf 90' lang='lat' dir='ltr'><strong>in</strong></span> <span class='ocrx_word' id='word_1_274' title='bbox 627 3231 696 3290; x_wconf 94' lang='lat' dir='ltr'><strong>ludo</strong></span> <span class='ocrx_word' id='word_1_275' title='bbox 716 3242 898 3310; x_wconf 82' lang='lat' dir='ltr'><strong>cognoverat,</strong></span> <span class='ocrx_word' id='word_1_276' title='bbox 914 3231 986 3290; x_wconf 88' lang='lat' dir='ltr'><strong>adeo</strong></span> <span class='ocrx_word' id='word_1_277' title='bbox 1009 3232 1164 3308; x_wconf 87' lang='lat' dir='ltr'><strong>conjuncte</strong></span> 
     </span>
     <span class='ocr_line' id='line_1_37' title="bbox 252 3310 1164 3381; baseline 0 -13"><span class='ocrx_word' id='word_1_278' title='bbox 252 3311 335 3381; x_wconf 85' lang='lat' dir='ltr'><strong>vixit,</strong></span> <span class='ocrx_word' id='word_1_279' title='bbox 349 3318 382 3368; x_wconf 90' lang='lat' dir='ltr'><strong>ut</strong></span> <span class='ocrx_word' id='word_1_280' title='bbox 395 3310 431 3368; x_wconf 85' lang='lat' dir='ltr'><strong>ad</strong></span> <span class='ocrx_word' id='word_1_281' title='bbox 456 3320 616 3370; x_wconf 88' lang='lat' dir='ltr'><strong>extremam</strong></span> <span class='ocrx_word' id='word_1_282' title='bbox 630 3320 743 3368; x_wconf 78' lang='lat' dir='ltr'><strong>aetatem</strong></span> <span class='ocrx_word' id='word_1_283' title='bbox 765 3311 892 3370; x_wconf 86' lang='lat' dir='ltr'><strong>amicitia</strong></span> <span class='ocrx_word' id='word_1_284' title='bbox 906 3329 1008 3369; x_wconf 90' lang='lat' dir='ltr'><strong>eorum</strong></span> <span class='ocrx_word' id='word_1_285' title='bbox 1028 3311 1164 3368; x_wconf 84' lang='lat' dir='ltr'><strong>creverit.</strong></span> 
     </span>
     <span class='ocr_line' id='line_1_38' title="bbox 216 3389 1164 3461; baseline -0.001 -14"><span class='ocrx_word' id='word_1_286' title='bbox 216 3393 232 3447; x_wconf 83' lang='lat' dir='ltr'><strong>l</strong></span> <span class='ocrx_word' id='word_1_287' title='bbox 253 3389 399 3448; x_wconf 85' lang='lat' dir='ltr'><strong>Antonius</strong></span> <span class='ocrx_word' id='word_1_288' title='bbox 413 3399 519 3461; x_wconf 88' lang='lat' dir='ltr'><strong>autem,</strong></span> <span class='ocrx_word' id='word_1_289' title='bbox 534 3391 587 3448; x_wconf 91' lang='lat' dir='ltr'><strong>etsi</strong></span> <span class='ocrx_word' id='word_1_290' title='bbox 601 3399 680 3449; x_wconf 89' lang='lat' dir='ltr'><strong>tanto</strong></span> <span class='ocrx_word' id='word_1_291' title='bbox 693 3390 757 3448; x_wconf 91' lang='lat' dir='ltr'><strong>odio</strong></span> <span class='ocrx_word' id='word_1_292' title='bbox 771 3389 919 3448; x_wconf 83' lang='lat' dir='ltr'><strong>ferebatur</strong></span> <span class='ocrx_word' id='word_1_293' title='bbox 938 3391 969 3447; x_wconf 91' lang='lat' dir='ltr'><strong>in</strong></span> <span class='ocrx_word' id='word_1_294' title='bbox 982 3389 1164 3459; x_wconf 87' lang='lat' dir='ltr'><strong>Ciceronem,</strong></span> 
     </span>
     <span class='ocr_line' id='line_1_39' title="bbox 252 3469 1166 3546; baseline 0 -20"><span class='ocrx_word' id='word_1_295' title='bbox 252 3478 285 3526; x_wconf 86' lang='lat' dir='ltr'><strong>ut</strong></span> <span class='ocrx_word' id='word_1_296' title='bbox 308 3486 364 3527; x_wconf 91' lang='lat' dir='ltr'><strong>uon</strong></span> <span class='ocrx_word' id='word_1_297' title='bbox 388 3469 483 3527; x_wconf 92' lang='lat' dir='ltr'><strong>solum</strong></span> <span class='ocrx_word' id='word_1_298' title='bbox 502 3470 539 3540; x_wconf 89' lang='lat' dir='ltr'><strong>ei,</strong></span> <span class='ocrx_word' id='word_1_299' title='bbox 554 3469 605 3528; x_wconf 91' lang='lat' dir='ltr'><strong>sed</strong></span> <span class='ocrx_word' id='word_1_300' title='bbox 618 3469 752 3528; x_wconf 88' lang='lat' dir='ltr'><strong>omnibus</strong></span> <span class='ocrx_word' id='word_1_301' title='bbox 765 3469 853 3527; x_wconf 88' lang='lat' dir='ltr'><strong>etlam</strong></span> <span class='ocrx_word' id='word_1_302' title='bbox 877 3469 942 3546; x_wconf 90' lang='lat' dir='ltr'><strong>ejus</strong></span> <span class='ocrx_word' id='word_1_303' title='bbox 966 3469 1069 3527; x_wconf 89' lang='lat' dir='ltr'><strong>amicis</strong></span> <span class='ocrx_word' id='word_1_304' title='bbox 1090 3482 1166 3526; x_wconf 87' lang='lat' dir='ltr'><strong>esset</strong></span> 
     </span>
     <span class='ocr_line' id='line_1_40' title="bbox 253 3547 1165 3626; baseline 0 -21"><span class='ocrx_word' id='word_1_305' title='bbox 253 3548 398 3619; x_wconf 88' lang='lat' dir='ltr'><strong>inimicus,</strong></span> <span class='ocrx_word' id='word_1_306' title='bbox 420 3567 526 3626; x_wconf 91' lang='lat' dir='ltr'><strong>eosque</strong></span> <span class='ocrx_word' id='word_1_307' title='bbox 540 3549 629 3607; x_wconf 85' lang='lat' dir='ltr'><strong>vellet</strong></span> <span class='ocrx_word' id='word_1_308' title='bbox 650 3549 840 3626; x_wconf 87' lang='lat' dir='ltr'><strong>proscribere,</strong></span> <span class='ocrx_word' id='word_1_309' title='bbox 866 3548 966 3606; x_wconf 89' lang='lat' dir='ltr'><strong>multis</strong></span> <span class='ocrx_word' id='word_1_310' title='bbox 985 3547 1165 3606; x_wconf 73' lang='lat' dir='ltr'><strong>hortantibus</strong></span> 
     </span>
     <span class='ocr_line' id='line_1_41' title="bbox 252 3626 1164 3704; baseline -0.001 -18"><span class='ocrx_word' id='word_1_311' title='bbox 252 3636 351 3686; x_wconf 87' lang='lat' dir='ltr'><strong>tamen</strong></span> <span class='ocrx_word' id='word_1_312' title='bbox 365 3627 458 3688; x_wconf 84' lang='lat' dir='ltr'><strong>Attici</strong></span> <span class='ocrx_word' id='word_1_313' title='bbox 478 3645 589 3687; x_wconf 89' lang='lat' dir='ltr'><strong>memor</strong></span> <span class='ocrx_word' id='word_1_314' title='bbox 603 3626 764 3697; x_wconf 87' lang='lat' dir='ltr'><strong>fuitofficii,</strong></span> <span class='ocrx_word' id='word_1_315' title='bbox 779 3637 808 3686; x_wconf 91' lang='lat' dir='ltr'><strong>et</strong></span> <span class='ocrx_word' id='word_1_316' title='bbox 827 3627 863 3697; x_wconf 92' lang='lat' dir='ltr'><strong>ei,</strong></span> <span class='ocrx_word' id='word_1_317' title='bbox 878 3645 971 3703; x_wconf 93' lang='lat' dir='ltr'><strong>quum</strong></span> <span class='ocrx_word' id='word_1_318' title='bbox 988 3627 1164 3704; x_wconf 87' lang='lat' dir='ltr'><strong>requisisset,</strong></span> 
     </span>
     <span class='ocr_line' id='line_1_42' title="bbox 253 3706 1165 3784; baseline -0.001 -20"><span class='ocrx_word' id='word_1_319' title='bbox 253 3707 374 3766; x_wconf 89' lang='lat' dir='ltr'><strong>ubinam</strong></span> <span class='ocrx_word' id='word_1_320' title='bbox 387 3716 472 3780; x_wconf 86' lang='lat' dir='ltr'><strong>esset,</strong></span> <span class='ocrx_word' id='word_1_321' title='bbox 487 3727 543 3767; x_wconf 82' lang='lat' dir='ltr'><strong>sua</strong></span> <span class='ocrx_word' id='word_1_322' title='bbox 560 3725 650 3766; x_wconf 86' lang='lat' dir='ltr'><strong>manu</strong></span> <span class='ocrx_word' id='word_1_323' title='bbox 663 3707 788 3784; x_wconf 89' lang='lat' dir='ltr'><strong>scripsit,</strong></span> <span class='ocrx_word' id='word_1_324' title='bbox 803 3724 840 3764; x_wconf 91' lang='lat' dir='ltr'><strong>ne</strong></span> <span class='ocrx_word' id='word_1_325' title='bbox 864 3707 988 3776; x_wconf 85' lang='lat' dir='ltr'><strong>timeret,</strong></span> <span class='ocrx_word' id='word_1_326' title='bbox 1010 3706 1165 3782; x_wconf 65' lang='lat' dir='ltr'><strong>unumque</strong></span> 
     </span>
     <span class='ocr_line' id='line_1_43' title="bbox 254 3783 1165 3862; baseline 0 -18"><span class='ocrx_word' id='word_1_327' title='bbox 254 3784 291 3844; x_wconf 92' lang='lat' dir='ltr'><strong>ad</strong></span> <span class='ocrx_word' id='word_1_328' title='bbox 304 3788 476 3848; x_wconf 85' lang='lat' dir='ltr'><strong>seveniret:</strong></span> <span class='ocrx_word' id='word_1_329' title='bbox 497 3807 530 3848; x_wconf 89' lang='lat' dir='ltr'><strong>se</strong></span> <span class='ocrx_word' id='word_1_330' title='bbox 544 3805 622 3859; x_wconf 90' lang='lat' dir='ltr'><strong>eum,</strong></span> <span class='ocrx_word' id='word_1_331' title='bbox 631 3795 660 3844; x_wconf 89' lang='lat' dir='ltr'><strong>et</strong></span> <span class='ocrx_word' id='word_1_332' title='bbox 674 3785 755 3843; x_wconf 85' lang='lat' dir='ltr'><strong>illius</strong></span> <span class='ocrx_word' id='word_1_333' title='bbox 768 3803 860 3844; x_wconf 86' lang='lat' dir='ltr'><strong>causa</strong></span> <span class='ocrx_word' id='word_1_334' title='bbox 874 3784 1036 3862; x_wconf 88' lang='lat' dir='ltr'><strong>[Gellium]</strong></span> <span class='ocrx_word' id='word_1_335' title='bbox 1050 3783 1165 3844; x_wconf 85' lang='lat' dir='ltr'><strong>Canum</strong></span> 
     </span>
    </p>
   </div>
   <div class='ocr_carea' id='block_1_3' title="bbox 0 0 1345 4304">
    <p class='ocr_par' dir='ltr' id='par_1_3' title="bbox 0 0 1345 4304">
     <span class='ocr_line' id='line_1_44' title="bbox 0 0 1345 4304; baseline 0 0"><span class='ocrx_word' id='word_1_336' title='bbox 0 0 1345 4304; x_wconf 95' lang='lat' dir='ltr'><strong> </strong></span> 
     </span>
    </p>
   </div>
  </div>
 </body>
</html>
