2692 4306
284 347 324 406 16
502 339 545 403 11.
581 343 611 416 4,
628 345 659 402 5.
695 305 959 419 (Themistocles.)

275 487 410 567 progredi
423 505 482 545 non
494 496 668 564 paterentur.
697 483 739 544 Hi
753 485 812 543 rim
824 484 951 542 hostium
963 504 1022 543 non
1035 475 1180 544 anstinuo)

235 573 255 628 2
275 579 349 638 runt,
361 585 453 642 eoque
464 567 530 624 loco
540 584 641 623 omnes
652 565 830 622 interierunt.
852 567 891 622 At
902 564 1007 623 classis
1019 564 1180 622 communia

277 647 398 706 Groeciae
424 656 619 703 trecentarum
644 644 770 713 navium,
797 643 828 701 in
856 663 912 718 qua
939 644 1071 701 ducentae
1099 654 1180 702 erant

275 723 506 794 Atheniensium,
520 725 642 800 primum
656 723 731 799 apud
742 723 937 792 Artemisium,
950 723 1026 780 inter
1039 723 1180 782 Euboeam

250 805 527 878 &continentemque
547 814 662 873 terram,
677 821 743 860 cum
763 801 922 858 classiariis
940 802 1020 878 regis
1040 801 1180 859 conflixit.

276 882 434 959 Angustias
454 883 532 940 enim
545 882 763 940 Themistocles
778 881 930 956 quaerebat,
944 900 981 938 ne
998 881 1180 938 multitudine

237 967 255 1020 3
276 961 484 1019 circumiretur.
526 961 585 1018 Hic
600 961 657 1018 etsi
670 961 733 1036 pari
747 960 848 1037 proelio
863 960 1070 1029 discesserant,
1083 970 1180 1020 tamen

276 1041 380 1099 eodem
393 1041 459 1098 loco
469 1058 527 1097 non
539 1049 605 1096 sunt
615 1039 680 1097 ausi
689 1058 825 1096 manere:
845 1038 921 1114 quod
935 1049 997 1095 erat
1009 1037 1179 1114 periculum,

275 1139 324 1190 ue,
338 1119 365 1178 si
384 1138 452 1196 pars
466 1119 582 1176 navirun
595 1117 826 1176 adversariorum
847 1117 988 1175 Euboeam
1004 1131 1182 1194 superasset,

236 1199 396 1274 danoipiti
423 1208 621 1274 premerentur
646 1196 787 1273 periculo.
829 1197 896 1263 Quo
929 1196 1036 1253 sactum
1070 1207 1124 1266 est,
1151 1207 1182 1253 ut

276 1279 312 1336 ab
327 1276 485 1335 Artemisio
503 1276 698 1346 discederent,
713 1287 742 1333 et
757 1275 947 1333 exadversum
961 1275 1091 1334 Athenas
1106 1275 1182 1352 apud

278 1358 427 1415 Salamina
441 1355 568 1413 classem
581 1374 664 1413 suam
677 1355 899 1422 constituerent,

316 1436 371 1494 IV.
412 1436 451 1494 At
475 1435 601 1505 Xerxes,
618 1433 825 1510 Thermopylis
850 1433 1031 1510 expugnatis,
1052 1432 1182 1510 protinus

277 1514 406 1573 accessit
429 1524 502 1584 astu,
527 1513 623 1588 idque,
647 1514 736 1572 nullis
764 1513 996 1583 defendentibus,
1020 1512 1181 1570 intersectis

277 1593 486 1664 sacerdotibus,
500 1611 571 1668 quos
592 1593 623 1650 in
644 1611 715 1650 arce·
732 1591 890 1662 invenerat,
905 1591 1042 1649 incendio
1063 1590 1181 1650 delevit.
1192 1611 1231 1668 μ

236 1679 255 1732 2
292 1713 346 1754 ,um
397 1673 488 1748 Cujus
502 1672 578 1728 sama
590 1671 734 1748 perterriti
746 1671 889 1728 classiarii
899 1690 985 1746 quum
997 1689 1112 1728 manere
1123 1689 1182 1727 non

293 1763 338 1803 δαὶ.
396 1751 544 1820 auderent,
559 1761 589 1808 ct
608 1751 723 1826 plurimi
743 1749 932 1821 hortarentur,
946 1761 977 1807 ut
993 1750 1093 1807 domos
1113 1769 1183 1806 suas

294 1813 339 1852 ⁴⁸⁰·
395 1831 516 1903 quisque
526 1829 924 1903 discederent,moenibusque
934 1849 967 1886 se
976 1829 1181 1886 defenderent:

276 1907 493 1966 Themistocles
504 1926 579 1964 unus
590 1908 703 1977 restitit,
715 1918 744 1965 et
754 1908 905 1965 universos
917 1927 1002 1984 pares
1014 1927 1082 1966 esse
1093 1927 1182 1984 posse

276 1987 380 2055 aiebat,
395 1986 544 2061 dispersos
560 1988 723 2050 testabatur
737 1988 889 2063 perituros,
904 1988 990 2063 idque
1012 1986 1182 2064 Eurybiadi,

275 2065 339 2142 regi
354 2064 647 2135 lacedemoniorum,
659 2065 708 2140 qui
722 2077 781 2123 tum
791 2085 908 2124 summae
923 2066 1038 2142 imperii
1051 2077 1182 2143 praerat,

238 2149 256 2204 3
276 2145 338 2203 iore
353 2143 518 2201 affirmabat.
549 2145 645 2210 Quem
658 2163 744 2219 quum
756 2145 861 2216 minus,
875 2165 960 2220 quam
973 2147 1073 2216 vellet,
1087 2164 1182 2204 move·

276 2236 329 2294 ret,
343 2233 430 2280 noctu
443 2223 480 2280 de
500 2224 593 2281 servis
613 2224 684 2293 suis,
698 2243 783 2298 quem
803 2224 902 2282 habuit
922 2225 1131 2296 fidelissimum,
1146 2225 1182 2284 ad

276 2321 376 2380 rogem
397 2301 484 2373 misit,
498 2312 530 2359 ut
553 2302 581 2359 ei
605 2302 749 2360 nuntiaret
772 2304 833 2360 suis
855 2303 969 2363 verbis:
1000 2303 1182 2362 adversarios

237 2387 257 2441 4
278 2383 341 2459 ejus
364 2380 394 2438 in
415 2381 484 2457 suga
506 2401 592 2440 esse:
625 2382 722 2456 quisi
744 2382 963 2454 discessissent,
985 2385 1093 2460 majore
1117 2403 1182 2442 cum

276 2463 374 2520 labore
384 2471 413 2518 et
421 2460 756 2538 longinquioretempore
765 2463 874 2520 bellum
883 2463 1182 2539 confecturum,quum

276 2541 408 2618 singulos
431 2541 595 2598 consectari
618 2553 790 2616 cogeretur;
819 2561 892 2618 quos
915 2543 940 2600 si
963 2542 1060 2600 statim
1081 2561 1182 2618 aggre-

277 2621 401 2687 deretur,
415 2619 494 2676 brevi
509 2619 663 2677 universos
678 2639 892 2696 oppressurum.
925 2621 992 2679 Hoc
1008 2640 1044 2679 eo
1059 2621 1182 2691 valebat,

237 2703 255 2756 ⁵
276 2709 307 2756 ut
327 2697 458 2776 ingratiis
480 2698 516 2754 att
537 2698 759 2774 depugnandum
775 2703 876 2757 omnes
892 2712 1074 2776 cogerentur.
1115 2700 1181 2758 Hac

276 2796 308 2836 re
323 2775 419 2836 audita
432 2777 578 2848 barbarus,
593 2778 667 2836 nihil
681 2779 740 2835 doli
754 2781 876 2836 subesse
892 2779 1026 2850 credens,
1041 2779 1181 2855 postridie

276 2855 457 2916 alienissimo
479 2853 536 2913 sibi
560 2859 635 2926 loco,
656 2867 756 2914 contra
777 2857 1020 2933 opportrmissimo
1040 2858 1182 2928 hostibus,

396 2935 469 2993 adeo
492 2946 614 3012 angusto
634 2935 707 2992 mari
731 2935 869 3006 conflixit,
888 2947 920 2993 ut
943 2937 1007 3012 ejus
1030 2937 1182 2994 multitudo

281 3003 349 3103 555ss
394 3015 510 3072 navium
525 3015 665 3091 explicari
683 3031 741 3072 non
759 3014 892 3091 potuerit.
933 3015 1037 3074 Victus
1052 3035 1121 3091 ergo
1137 3027 1182 3074 est

273 3104 349 3193 ahma
395 3094 488 3170 magis
511 3094 635 3153 consilio
649 3093 869 3165 Themistoclis,
882 3113 969 3171 quam
991 3096 1078 3153 armis
1102 3095 1182 3154 Grae·

288 3182 293 3194 '
321 3181 326 3193 '
351 3180 357 3192 “
396 3172 460 3231 ciae.

238 3255 253 3309 1
315 3250 353 3308 V.
376 3250 435 3308 Hic
451 3252 507 3310 etsi
520 3253 596 3309 male
610 3271 672 3310 rem
686 3261 828 3328 gesserat,
841 3263 938 3311 tamen
950 3264 1044 3312 tantas
1058 3253 1182 3313 habebat

275 3329 415 3404 reliquias
429 3331 586 3406 copiarum,
599 3341 631 3388 ut
645 3331 733 3389 etiam
747 3351 812 3390 cum
832 3332 879 3390 his
898 3333 1061 3409 opprimere
1081 3348 1183 3410 posset

275 3405 386 3464 hostes.
428 3409 535 3466 lterum
557 3412 592 3468 ab
616 3411 720 3468 eodem
741 3411 832 3488 gradu
850 3412 989 3488 depulsus
1009 3423 1064 3470 est.
1106 3413 1183 3472 Nam

275 3485 493 3545 Themistocles
504 3507 618 3560 verens,
629 3509 667 3547 no
680 3491 790 3548 bellare
804 3502 1014 3566 perseveraret,
1029 3491 1182 3553 certiorem

275 3585 342 3624 eum
363 3565 442 3636 fecit,
464 3566 495 3624 id
518 3568 575 3642 agi,
588 3579 620 3625 ut
642 3587 727 3644 pons,
749 3589 835 3645 quem
858 3569 909 3628 illo
932 3570 963 3628 in
987 3571 1182 3647 Hellesponto

274 3645 394 3716 fecerat,
408 3645 624 3716 dissolveretur,
639 3666 673 3703 ac
687 3649 782 3706 reditu
800 3649 831 3705 in
845 3649 948 3706 Asiam
961 3650 1181 3721 excluderetur;

235 3729 254 3786 2
275 3725 361 3802 idque
378 3724 406 3783 ei
420 3725 574 3800 persuasit.
616 3726 717 3801 ltaque
731 3746 788 3803 qua
801 3745 856 3784 sex
870 3729 1019 3786 mensibus
1033 3728 1089 3786 iter
1102 3729 1180 3787 fece·
