2692 4306
425 378 479 444 IV.
516 387 547 444 3.
593 380 812 461 (Pausanias.)
1029 385 1070 444 23

161 529 264 606 quibus
274 527 339 586 hac
350 526 443 586 fuisse
455 527 563 605 scripta
573 527 764 604 Thucydides
772 545 917 586 memorre
925 525 1070 604 prodidit:

159 609 338 679 Pausanias,
352 609 410 666 dua
425 607 546 686 Sparte,
560 629 629 684 quos
641 607 782 686 Byzantii
794 618 911 686 ceperat,
920 617 1070 686 postquam
1090 609 1108 665 3

155 690 328 766 propinquos
348 699 412 746 tuoe
432 691 568 764 cognovit,
583 688 635 746 titi
655 689 762 746 muneri
780 689 867 758 adsit,
887 707 968 764 sequa
982 698 1072 744 tecum

158 769 296 846 afinitate
318 768 450 846 conjungi
469 769 564 846 capit:
587 786 681 844 qtmre,
702 769 730 826 ai
753 767 805 825 titt
830 767 947 837 uidetur,
972 766 1071 824 desei

156 847 257 927 filiam
270 857 348 904 tuam
360 859 485 924 nuptam.
517 846 555 904 Id
567 846 714 925 sifeccds,
728 858 756 905 et
770 845 904 924 Spartam
916 857 1069 904 etesiarum
1089 849 1109 902 t

160 925 303 983 Graeciam
313 925 365 984 sat
379 937 456 984 taam
463 936 638 1004 potestatem,
646 947 677 984 se
687 927 845 1002 ctly'aoaate,
856 937 883 984 tc
895 927 1070 984 redacturum

156 1005 313 1085 pollicetar.
354 1005 416 1063 His
436 1007 470 1063 de
493 1005 576 1064 rebar
596 1009 623 1064 si
645 1007 713 1082 qaid
732 1008 797 1083 geri
818 1005 947 1076 colueris,
967 1015 1070 1064 certum

156 1085 294 1141 dominam
307 1085 346 1142 ad
363 1105 424 1141 eam
436 1083 616 1162 mittaasace,
630 1105 690 1142 cum
703 1106 756 1162 quo
774 1085 952 1161 colloquuwr.
993 1083 1070 1152 Rex,
1090 1086 1109 1140 5

156 1173 197 1220 tot
210 1163 363 1222 hominum
376 1165 480 1235 salute,
493 1173 552 1221 tam
572 1164 628 1222 sibi
641 1163 883 1232 necessariorum,
893 1179 1069 1239 magnopere

157 1241 290 1317 gavisus,
311 1241 466 1300 confestim
486 1261 553 1300 eum
572 1243 697 1322 epistola
711 1243 885 1302 Artabazum
906 1243 943 1300 ad
960 1243 1070 1301 Pausa·

156 1321 239 1378 uiam
259 1320 353 1391 mittit,
367 1322 398 1379 in
418 1339 475 1396 qua
496 1341 562 1380 eum
581 1323 734 1394 collaudat,
748 1342 783 1380 ac
802 1323 884 1400 petit,
897 1341 936 1380 ne
957 1321 1006 1380 cui
1025 1319 1070 1378 rei

156 1410 263 1474 parcat
273 1399 310 1456 ad
323 1419 359 1457 aa
371 1400 559 1476 perficienda,
571 1421 635 1476 quae
644 1401 807 1478 pollicetur.
838 1401 872 1460 Si
886 1400 999 1471 fecerit,
1006 1399 1070 1457 nul·

107 1487 145 1546 ε,
158 1479 220 1536 lius
235 1479 280 1535 rei
290 1497 308 1534 a
320 1481 510 1560 strepnsam
522 1481 654 1538 laturum
689 1481 785 1556 Hujus
797 1479 959 1538 Pausanias
968 1480 1070 1536 volun·
1090 1479 1109 1534 6

97 1544 137 1580 s
158 1568 222 1614 tate
239 1557 360 1633 cognita,
373 1559 498 1616 alacrior
518 1559 631 1616 adrem
644 1559 802 1634 gerendam
814 1559 919 1628 factus,
932 1557 963 1614 in
977 1557 1071 1632 suspi-

159 1637 281 1693 cionem
290 1638 399 1696 cecidit
413 1637 711 1696 Lacedaemoniorum.
746 1638 782 1696 ln
800 1655 856 1712 quo
870 1636 947 1694 facto
957 1636 1072 1694 dominu

157 1725 326 1786 revocabis,
341 1727 495 1775 accusatus
508 1717 621 1793 eapitis,
632 1715 808 1786 absolvitu13
829 1717 963 1774 multatur
974 1725 1072 1772 tamen

156 1796 303 1871 pecunia:
325 1815 410 1870 quam
420 1797 457 1854 ob
472 1815 591 1854 causam
604 1797 641 1853 ed
655 1797 781 1854 classem
791 1795 931 1854 remissus
945 1813 1003 1852 nou
1015 1805 1098 1859 esta,

197 1875 259 1931 ΙΙΙ.
288 1876 328 1932 At
341 1875 391 1932 ille
406 1885 473 1952 post
491 1894 550 1934 non
563 1877 653 1933 multo
673 1895 726 1932 sua
742 1887 844 1952 sponte
859 1875 896 1932 ad
911 1875 1071 1932 exercitum
1092 1876 1106 1930 l

61 2005 64 2014 ,
156 1953 256 2023 rediit,
271 1965 301 2011 et
321 1954 362 2011 ibi
382 1974 441 2012 uon
463 1955 577 2024 callida,
592 1955 646 2012 sad
664 1955 791 2012 dementi
812 1955 922 2012 ratione
945 1953 1070 2030 cogitata

155 2032 308 2107 patefecit.
350 2034 419 2092 Non
440 2033 518 2092 enim
539 2053 635 2092 mores
655 2035 763 2110 patrios
785 2035 887 2104 solum,
909 2033 1071 2090 sedetiam

157 2113 270 2169 cultum
284 2112 477 2188 vestitumque
497 2114 624 2171 mutavit.
666 2114 915 2190 Apparatussegio
928 2114 1068 2181 utebatur,
1089 2115 1108 2168 2

158 2203 243 2248 veste
255 2192 394 2262 Medica3
415 2193 561 2250 satellites
573 2193 655 2251 Medi
670 2204 700 2250 et
709 2191 844 2268 AEg'yptii
858 2193 1069 2266 sequebantur;

158 2271 331 2346 epulabatur
350 2289 430 2329 more
453 2272 607 2330 Persarum
627 2273 813 2341 luxuriosius,
827 2288 921 2346 quam,
934 2270 983 2344 qui
1003 2270 1071 2327 ade·

157 2361 233 2419 rant,
253 2351 369 2426 perpeti
394 2362 532 2426 posseut;
561 2353 669 2409 aditum
687 2351 852 2427 petentibus
877 2347 1070 2406 conveniendi
1091 2349 1109 2404 d

157 2447 220 2484 non
239 2429 342 2499 dabat,
363 2431 486 2506 superbe
507 2431 710 2506 respondebat,
727 2429 781 2506 [et]
805 2427 961 2485 crudeliter
980 2425 1071 2502 impe·

158 2508 251 2564 rabat.
294 2509 427 2583 Spartam
444 2509 541 2567 redire
561 2510 688 2567 nolebat.
730 2509 867 2576 Celonas,
881 2504 929 2580 qui
943 2506 1026 2562 locus
1040 2505 1072 2562 in

160 2605 231 2661 agro
246 2587 362 2645 Troade
388 2599 442 2658 est,
462 2609 496 2647 se
521 2589 698 2646 contulerat:
719 2587 760 2644 ibi
782 2585 907 2644 consilia
922 2603 1008 2659 quum
1021 2602 1071 2659 pa·
1108 2635 1112 2641 .

160 2666 232 2736 triae,
246 2677 307 2723 tum
324 2669 380 2724 srbr
400 2668 519 2725 mimica
538 2668 680 2743 capiebat.
720 2667 755 2726 Id
768 2677 918 2742 postquam
933 2664 1071 2722 Lacedae·
1090 2666 1109 2722 t

161 2745 254 2801 monii
267 2747 439 2817 rescierunt,
447 2733 564 2824 ’legatos
579 2747 616 2804 ad
630 2765 696 2804 eum
716 2765 782 2804 cum
795 2743 914 2822 scytale
921 2743 1069 2814 miserunt,

163 2822 265 2898 inqua
284 2843 363 2882 moro
377 2826 491 2884 illorum
507 2837 569 2884 erat
589 2826 745 2902 scriptum:
767 2825 824 2884 uisi
845 2826 961 2883 domum
973 2841 1070 2880 rever·

163 2911 281 2973 teretur,
295 2923 329 2960 se
344 2905 448 2979 capitis
470 2925 536 2972 aum
556 2907 748 2964 damnaturos.
790 2905 857 2963 Hoc
878 2904 978 2962 nuntio
992 2921 1070 2960 eom·
1090 2905 1109 2958 5

162 2992 271 3061 motusp
278 3001 408 3058 sperans,
422 3004 455 3042 se
471 2986 558 3043 etiam
571 2997 631 3043 tum
643 2985 769 3060 pecunia
780 2994 809 3042 et
819 2983 948 3060 potentia
957 2983 1069 3040 instans

69 3085 72 3092 ·
163 3061 325 3134 periculum
337 3081 427 3138 possa
442 3065 600 3139 depellere,
611 3064 727 3122 domum
736 3064 831 3122 rediit.
861 3063 929 3120 Huc
939 3072 971 3118 ut
980 3061 1077 3130 venit,

165 3140 199 3195 ab
211 3139 328 3215 ephoris
343 3142 374 3199 iu
386 3143 504 3200 vincula
513 3145 630 3218 publiea
644 3145 794 3220 conjectus
808 3152 863 3199 est.
895 3141 982 3200 Licet
992 3140 1070 3198 enim

164 3217 278 3292 legibus
307 3239 407 3278 eorum
429 3221 521 3280 cuivis
543 3222 651 3298 ephoro
678 3222 735 3280 hoc
755 3222 854 3279 lacere
874 3220 947 3296 regi.
989 3218 1069 3277 Hinc
1167 3231 1169 3236 '

163 3305 260 3354 tamen
273 3317 307 3355 se
322 3299 488 3376 expedivit3
502 3319 595 3376 nequa
611 3319 647 3358 eo
657 3301 749 3377 magis
764 3302 882 3358 carebat
891 3298 1069 3375 suspicione.

87 3398 92 3410 ·
165 3374 242 3432 Nam
255 3377 354 3452 opinio
367 3380 510 3450 manebat,
524 3399 590 3438 eum
605 3399 670 3438 cum
682 3399 752 3456 rege
766 3379 874 3437 habere
888 3377 1069 3436 societatem.

165 3451 221 3510 Est
244 3475 337 3532 genus
369 3457 513 3531 quoddam
549 3458 705 3530 homiuum,
725 3459 807 3538 'quod
834 3457 1108 3528 deterreantur&

165 3551 284 3606 quorum
296 3553 402 3612 magua
421 3536 570 3594 multitudo
591 3556 676 3613 agros
694 3538 980 3595 Lacedaemoniorum
1000 3533 1071 3590 colit

165 3629 369 3690 servorumque
388 3633 507 3673 munere
521 3615 655 3692 fungitur.
697 3617 762 3674 Hos
783 3635 894 3692 quoque
909 3611 1070 3672 sollicitare

166 3707 217 3766 spa
240 3693 383 3750 libertatis
408 3693 632 3752 existimabatur.
675 3696 736 3754 Sed
756 3695 832 3770 quod
855 3695 957 3751 harum
975 3707 1071 3748 rerum
1090 3693 1107 3760 Ἰ

164 3772 274 3830 nullum
301 3783 364 3832 arat
390 3783 520 3849 apertum
543 3774 662 3844 crimen,
687 3792 744 3849 qno
771 3773 853 3847 argui
878 3778 990 3844 posset,
1012 3786 1072 3826 nou
1104 3835 1109 3846 Ι
