2680 4304
263 369 307 428 rs
458 359 580 424 xvnl.
627 367 675 435 lo,
693 366 741 423 11.
787 356 982 442 (numm.)

261 523 320 573 tarn
334 511 540 572 refrenandum
553 514 693 590 impetum
707 512 766 572 tale
780 513 858 588 capit
868 512 1033 570 consilium.
1068 511 1171 572 Certos

261 593 346 650 mittit
358 592 489 650 homines
502 592 539 650 ad
552 593 666 650 infimos
681 601 801 661 montes,
815 592 866 666 qui
886 590 964 648 obvii
977 600 1061 649 erant
1073 591 1172 650 itineri

261 669 504 741 adversariorum,
524 671 628 747 hisque
649 670 794 747 praecepit,
809 681 842 728 ut
866 670 960 746 prima
972 679 1067 740 nocte,
1082 689 1173 747 quarn

261 750 400 808 latissime
425 752 541 826 possint,
564 751 648 826 ignes
670 748 780 807 iaciant
802 767 891 824 quam
910 749 1061 818 mannans,
1084 759 1173 825 atque

261 829 314 886 bos
327 829 457 886 aecunda
467 829 569 906 vigilia
582 830 723 898 minuant,
738 828 824 885 tertia
844 828 1018 903 perexiguos
1032 827 1172 884 reddant:

223 911 242 966 4
261 917 291 964 at
310 907 480 964 mmulata
492 918 653 965 castrorum
666 905 874 964 cousuetudine
892 907 1087 981 suspicionem
1107 907 1173 981 inji-

261 987 340 1044 ciant
353 986 491 1055 hostibus,
502 987 548 1044 bis
561 986 633 1046 locis
646 1005 710 1042 esse
720 995 826 1054 castra,
836 1003 872 1041 ac
885 984 1032 1042 decorum
1046 983 1174 1042 adventu

261 1083 325 1121 esse
353 1066 598 1140 praenunuatum3
633 1063 768 1139 idemque
796 1072 910 1138 postera
936 1073 1021 1122 nocte
1050 1061 1172 1122 iaciant.

222 1144 242 1199 b
262 1142 379 1208 Quibus
402 1144 576 1220 imperatum
591 1152 662 1212 erat,
677 1142 832 1219 diligenter
855 1154 1033 1218 praeceptum
1054 1152 1171 1200 curant.

262 1223 438 1298 Antigonus,
462 1223 590 1280 tenebris
613 1222 727 1291 obortis,
749 1222 833 1297 ignes
846 1220 1049 1296 conspicatur:
1070 1220 1173 1290 credit,

262 1299 298 1357 de
311 1319 365 1358 suo
379 1299 505 1359 adventu
519 1319 583 1358 esse
598 1301 738 1370 auditum,
753 1310 782 1358 et
807 1299 989 1357 adversarios
1009 1300 1082 1358 illuc
1102 1317 1175 1358 suas

223 1380 242 1434 6
262 1379 441 1437 contraxime
455 1380 564 1456 copias.
607 1379 702 1438 Mutat
725 1378 888 1447 consilium,
903 1387 942 1447 et,
957 1379 1095 1454 quoniam
1119 1379 1173 1436 im-

263 1457 419 1534 prudentes
432 1458 540 1516 adoriri
553 1477 611 1516 non
625 1467 727 1535 posset,
747 1458 837 1515 flectit
855 1458 911 1514 iter
924 1476 1021 1526 suum,
1035 1466 1065 1515 et
1088 1457 1174 1514 illum

264 1535 430 1594 anfractum
451 1538 611 1614 longiorem
634 1538 758 1613 copiosae
778 1537 835 1594 viae
858 1537 945 1612 capit,
969 1536 1068 1612 ibique
1095 1535 1175 1594 diem

264 1633 357 1672 unum
370 1618 519 1692 opperitur
539 1615 575 1674 ad
595 1615 794 1674 lassitudinem
814 1614 972 1672 sedandam
986 1616 1113 1673 militum
1137 1633 1176 1673 ac

264 1694 422 1752 reficienda
432 1695 575 1770 jumenta,
589 1713 648 1771 quo
661 1695 816 1771 integriore
830 1695 962 1753 exercitu
975 1693 1158 1752 decerneret.

225 1775 241 1828 1
305 1771 343 1830 X.
365 1771 425 1830 Hic
439 1773 590 1831 Eumenes
602 1773 744 1830 callidum
763 1774 967 1849 imperatorem
988 1773 1059 1831 vicit
1078 1774 1174 1830 consi·

263 1849 312 1918 lio,
323 1851 562 1927 celeritatemque
572 1852 722 1926 impedivit
731 1851 814 1926 ejns;
831 1870 926 1928 neque
940 1862 1037 1910 tamen
1046 1853 1174 1909 multum

224 1930 244 1984 2
264 1927 395 2004 profecit.
436 1928 516 1986 Nam
536 1929 646 1986 invidia
659 1930 778 2000 ducum,
793 1949 862 1988 cum
882 1932 988 2008 quibus
1001 1942 1073 2002 erat,
1088 1931 1174 2008 perfi-

263 2007 368 2082 diaque
383 2005 577 2066 Macedonum
591 2018 803 2079 veteranorum,
818 2028 909 2086 quum
923 2011 1056 2087 superior
1070 2010 1175 2088 proelio

263 2084 450 2155 discessisset,
466 2087 614 2164 Antigono
627 2097 671 2145 ast
684 2087 806 2158 deditus,
821 2107 913 2164 quum
927 2090 1073 2148 exercitus
1087 2090 1115 2147 ei
1129 2100 1176 2148 ter

264 2175 331 2221 ante
345 2166 486 2240 separatis
499 2167 676 2242 temporibus
688 2167 823 2242 jurasset,
845 2187 959 2226 seeum
974 2167 1173 2239 defensurum,

265 2261 321 2300 nec
335 2261 475 2320 umquam
488 2245 683 2302 deserturum.
725 2246 781 2304 Sed
804 2257 885 2304 tanta
899 2247 953 2305 luit
967 2248 1176 2306 nonnullorum

265 2323 381 2380 virtutis
401 2324 580 2395 obtrectatio,
608 2335 641 2382 ut
662 2324 749 2382 fidem
774 2326 906 2384 amittere
930 2327 1059 2396 mallent,
1084 2345 1176 2404 quarn

225 2401 333 2459 Saum
356 2419 414 2460 non
438 2403 570 2480 prodere.
612 2404 712 2480 Atque
731 2404 811 2462 bunc
832 2405 1007 2482 Antigonus,
1031 2424 1124 2482 quum
1146 2407 1175 2463 ei

265 2479 367 2540 suisset
380 2482 592 2553 infestissimus,
606 2493 815 2553 conservasset,
829 2485 855 2540 si
875 2503 927 2560 per
939 2503 1007 2542 suos
1021 2495 1097 2542 esset
1110 2485 1174 2542 lici-

265 2569 337 2630 tum,
351 2561 428 2637 quod
452 2563 489 2620 ab
503 2562 584 2620 nullo
597 2581 630 2620 se
650 2563 717 2638 plus
730 2562 865 2638 adjuvari
889 2581 970 2638 posse
994 2563 1176 2642 intelligebat

264 2639 296 2696 in
316 2640 362 2698 bis
382 2641 479 2710 rebus,
493 2660 569 2716 quas
588 2640 753 2718 impendere
775 2641 838 2717 jam
852 2642 1008 2718 apparebat
1029 2643 1175 2700 omuibus.

265 2717 457 2776 imminebant
479 2721 557 2776 enim
581 2719 734 2789 Seleucus,
759 2718 966 2796 Lysimachus,
990 2720 1174 2792 Ptolemaeus,

263 2796 367 2872 opibus
387 2796 450 2872 jam
473 2797 613 2867 valentes,
628 2816 698 2855 cum
721 2799 829 2873 quibus
841 2799 870 2856 ei
890 2797 927 2857 de
949 2801 1072 2857 summis
1087 2801 1176 2859 rebus

225 2876 328 2932 terat
351 2873 560 2932 dimicandum.
602 2875 661 2933 Sed
684 2895 742 2934 non
764 2877 843 2952 passi
866 2888 934 2936 sunt
955 2879 995 2950 hi,
1019 2879 1071 2955 qui
1093 2880 1176 2938 circa

265 2962 364 3010 erant:
386 2952 463 3028 quod
476 2953 621 3023 videbant,
636 2953 771 3012 Eumene
784 2967 908 3032 recepto,
923 2977 1023 3016 omnes
1043 2977 1104 3035 prae
1124 2959 1176 3017 illo
1237 2987 1240 2994 ·

265 3032 348 3108 parvi
363 3030 485 3089 futuros.
527 3031 592 3108 lpse
607 3043 705 3090 autem
720 3035 887 3112 Antigonus
907 3037 979 3095 adeo
992 3048 1055 3095 erat
1066 3037 1174 3108 ,ineen-

264 3129 324 3179 sus,
339 3120 380 3182 ut,
395 3111 451 3168 nisi
474 3129 582 3189 magna
596 3131 646 3190 spe
667 3113 862 3172 maximarum
885 3134 993 3187 rerum,
1008 3116 1094 3174 leniri
1117 3135 1173 3174 non

228 3272 243 3325 1
265 3207 358 3326 1³0qu
381 3267 482 3344 Itaque
496 3288 588 3345 quum
601 3291 670 3328 eum
690 3273 721 3330 in
735 3272 896 3330 custodiam
910 3274 1045 3345 dedisset,
1060 3284 1089 3332 et
1103 3291 1171 3350 prae

265 3344 360 3404 iectus
373 3348 528 3406 custodum
552 3351 710 3424 quaesisset,
725 3352 968 3426 quemadmodum
988 3354 1102 3412 servari
1116 3353 1172 3410 vel·

264 3424 328 3483 latl
348 3435 379 3484 ut
396 3430 570 3499 comum,
585 3430 687 3506 inquit,
702 3431 814 3501 leonem,
828 3441 878 3489 cut
890 3429 1103 3507 fmcebsimum
1122 3432 1175 3490 cle-

261 3505 407 3581 plantum.
449 3505 588 3564 Nondum
612 3509 690 3566 enim
717 3519 865 3580 statuerat,
888 3521 1075 3569 conservaret
1097 3529 1175 3580 eum,

227 3586 245 3639 a
266 3601 321 3641 nec
332 3603 380 3642 ne.
411 3583 555 3644 Veniebat
570 3597 668 3646 autem
682 3587 719 3644 ad
734 3587 898 3646 Eumenem
912 3601 1068 3666 utrumque
1082 3608 1177 3668 genus

266 3661 434 3722 hominum:
454 3674 484 3722 et
496 3666 548 3741 qui
564 3677 679 3743 propter
691 3665 790 3723 odium
805 3665 935 3724 fructum
947 3669 1042 3726 oculis
1055 3687 1092 3725 ex
1112 3667 1176 3743 ejus

265 3757 340 3799 casu
360 3761 466 3802 canere
480 3744 598 3816 vellent,
613 3755 642 3804 et
662 3744 713 3822 qui
737 3755 852 3821 propter
866 3757 992 3804 veterem
1017 3746 1176 3804 amicitiam
