2692 4306
414 383 455 448 ll.
493 391 522 461 6,
539 390 569 447 7.
605 383 869 464 (Themistocles.)
1055 391 1094 450 17

186 544 240 606 rat,
264 533 369 592 eidem
395 531 491 590 minus
516 531 618 590 diebus
642 531 759 608 triginta
781 531 813 590 in
834 531 936 590 Asiam
959 549 1095 591 reversus

187 627 234 672 cst
247 632 340 689 seque
355 631 373 669 a
386 611 588 669 Themistocle
601 629 661 668 non
679 622 854 686 superatum,
868 610 922 668 sed
941 628 1096 670 conserva·

186 703 247 752 tum
264 691 416 770 judicavit.
442 690 494 748 Sic
508 689 594 747 unius
607 689 662 746 riri
676 689 829 765 prudentii
843 689 959 748 Gracia
972 689 1096 749 liberata
1115 694 1134 750 3

187 781 243 842 eet,
266 771 451 846 Europaeque
472 769 625 826 succubuit
638 767 836 832 AsianiHaec
858 769 949 827 altera
963 769 1095 840 victoria,

185 868 338 926 quacum
358 847 542 907 Marathonio
564 847 658 923 possit
680 847 840 924 comparari
859 857 977 924 tropaeo.
1018 849 1096 908 Nam

185 929 252 1005 pari
264 928 351 986 modo
361 926 438 1004 apud
453 927 601 984 Salamina
614 945 704 1004 parvo
714 945 833 985 numero
843 928 960 985 navium
969 927 1096 985 maxima

185 1019 254 1084 pest
267 1007 416 1066 hominum
428 1005 596 1063 memoriam
611 1005 717 1064 classis
732 1017 779 1064 est
791 1006 916 1064 devicta.

228 1087 283 1145 Vl.
305 1087 431 1162 Magnus
442 1085 499 1142 hoc
511 1085 588 1142 bello
596 1083 814 1143 Themistocles
825 1085 886 1156 suit,
894 1105 950 1143 nec
961 1085 1054 1144 minor
1065 1083 1096 1144 in
1118 1089 1131 1145 1

186 1184 273 1243 pace.
299 1165 396 1232 Quum
406 1163 486 1221 enim
497 1163 652 1222 Phalerico
663 1175 754 1240 portu,
765 1183 859 1240 neque
870 1183 975 1241 magno
1035 1195 1073 1236 m

187 1265 284 1321 neque
302 1245 388 1313 bono,
403 1243 602 1300 Athenienses
621 1253 784 1303 uterentur:
807 1244 892 1321 hujus
907 1262 976 1302 con·
1012 1245 1097 1286 ’ΔΜ

188 1325 257 1382 silio
270 1324 376 1399 triplex
390 1321 515 1380 Piraeei*
528 1332 626 1397 portus
642 1322 813 1381 constitutus
828 1333 883 1394 est,
897 1323 981 1400 isque
994 1319 1095 1380 moeni·

189 1405 245 1460 bus
259 1402 461 1472 circumditus,
474 1411 507 1460 ut
521 1400 616 1476 ipsam
628 1403 729 1459 urbem
743 1402 882 1479 dignitate
897 1401 1095 1479 aequipararet,

189 1481 314 1540 utilitate
328 1491 486 1558 superaret.
528 1479 611 1538 Idem
623 1499 721 1538 muros
735 1481 959 1539 Atheniensium
971 1479 1096 1538 restitnit
1114 1483 1134 1537 2

190 1561 337 1637 praecipuo
347 1559 478 1636 periculo
490 1577 553 1620 suo.
594 1559 730 1636 Namque
742 1559 968 1630 Lacedaemonii,
979 1577 1098 1616 cansam

191 1639 327 1698 idoneam
352 1639 431 1696 nacti
458 1649 576 1715 propter
601 1639 785 1696 barbarorum
814 1639 1014 1709 excursiones,
1041 1655 1098 1714 qua

80 1777 84 1784 ,
189 1729 339 1796 negarent,
361 1728 502 1795 oportere)
520 1727 602 1776 extra
626 1717 864 1794 Peloponnesum
886 1718 975 1776 ullam
997 1717 1098 1775 urbem

189 1797 308 1868 habere,
322 1817 361 1855 ne
375 1807 477 1856 essent
492 1798 560 1855 loca
572 1797 690 1868 munita,
704 1815 768 1874 quai
786 1797 888 1856 hostes
901 1796 1096 1873 possiderent,

189 1877 389 1936 Athenienses
412 1877 590 1934 aedificantes
614 1876 767 1952 prohibere
793 1887 860 1936 sunt
881 1877 987 1935 conati.
1028 1875 1096 1935 Hoc
1117 1878 1135 1934 ³

188 1957 276 2035 longe
288 1957 346 2014 alio
357 1958 517 2034 spectabat,
528 1966 613 2032 atque
621 1956 714 2014 videri
721 1957 867 2015 volebant.
896 1955 1096 2016 Athenienses

189 2038 269 2094 enim
283 2036 394 2094 duabus
407 2035 547 2106 victoriis,
562 2035 745 2094 Marathonia
759 2046 789 2094 et
806 2037 974 2107 Salaminii,
988 2045 1097 2094 tantam

189 2116 312 2196 gloriam
326 2116 403 2192 apud
416 2133 517 2173 omnes
531 2127 633 2191 gentes
645 2125 727 2172 erant
737 2115 897 2188 consecuti,
907 2127 939 2174 ut
952 2115 1098 2192 intellige·
1168 2135 1175 2148 ‘

188 2206 254 2254 rent
268 2193 495 2265 Lacedaemonii,
508 2193 545 2252 de
559 2194 722 2270 principatu
734 2195 791 2253 sibi
805 2214 872 2254 oum
887 2195 935 2254 his
950 2205 1098 2253 certamen

189 2275 262 2332 sore.
305 2275 403 2342 Quare
432 2291 484 2332 eos
508 2292 595 2351 quam
620 2273 833 2340 infirmissimos
861 2293 930 2333 esse
951 2273 1136 2340 volebant.4

190 2355 349 2430 Postquam
384 2363 480 2412 aretem
513 2353 673 2424 audiemnt,
706 2371 804 2412 muros
837 2353 951 2423 instrui,
984 2352 1097 2428 legatos

190 2433 323 2492 Athenas
337 2432 486 2504 miserunt,
499 2433 549 2511 qui
567 2432 598 2490 id
616 2432 682 2490 fleri
695 2441 837 2490 vetarent.
878 2431 937 2490 His
950 2429 1099 2506 praesenti·

189 2514 244 2570 bus
259 2513 418 2572 desierim·
431 2531 466 2570 ac
481 2531 515 2570 se
530 2511 566 2569 de
582 2530 619 2568 ea
634 2529 667 2568 re
688 2511 802 2586 legatos
825 2508 862 2567 ad
884 2526 936 2566 eos
958 2508 1099 2566 missuros

190 2592 334 2650 dixenmt.
407 2611 461 2649 ano
484 2590 662 2667 legationem
682 2587 814 2666 suscepit
828 2585 1056 2657 Themistocles,
1070 2591 1137 2644 et5

190 2671 272 2728 solus
285 2665 377 2748 primo
390 2671 538 2746 profectus
554 2679 617 2738 est;
638 2667 743 2746 reliqui
756 2667 845 2746 legati
858 2677 890 2724 ut
902 2677 962 2725 tum
976 2666 1099 2737 exirent,

190 2769 279 2828 quum
293 2751 364 2808 satis
380 2749 501 2808 altitudo
519 2747 593 2806 muri
612 2758 759 2818 excuncta
771 2747 926 2818 rideretur,
941 2745 1097 2824 praecepit;

190 2829 307 2887 interim
321 2847 431 2899 omnes,
445 2829 524 2887 servi
541 2839 626 2904 atque
646 2827 741 2898 liberi,
754 2845 828 2905 opus
848 2827 989 2898 facerent,
1002 2844 1099 2904 neque

190 2908 244 2966 ulli
266 2909 333 2966 loco
354 2920 516 2984 parcerent,
530 2907 593 2966 sive
608 2925 702 2977 sacer,
716 2907 779 2978 sive
802 2906 948 2984 profanus,
963 2908 1027 2964 sive
1041 2923 1098 2982 prt-

190 2999 275 3045 vatus
298 2998 388 3057 esset,
411 2988 474 3045 sire
496 2986 640 3068 publicus,
662 2996 692 3044 et
712 2987 849 3064 undique,
863 2985 941 3062 quod
962 2985 1098 3044 idoneum

190 3067 228 3124 sd
241 3067 429 3125 muniendum
441 3077 583 3143 putarent,
598 3076 799 3142 congererent.
841 3066 908 3134 Quo
922 3065 1030 3124 factum
1043 3073 1098 3135 est,

191 3145 1097 3222 atAtheniensiummuriexsacellissepulcrisqueconstarent.

231 3226 302 3284 Vll.
324 3225 542 3284 Themistocles
565 3236 670 3295 autem,
691 3235 723 3282 ut
746 3225 989 3284 Lacedaemonem
1009 3223 1099 3290 venit,
1121 3225 1136 3280 1

190 3305 271 3362 adire
283 3305 320 3363 ad
330 3305 513 3382 magistratus
524 3305 625 3374 uoluit,
634 3315 664 3362 et
673 3303 753 3362 dedit
763 3323 890 3380 operam,
900 3314 932 3363 ut
941 3323 1027 3382 quam
1036 3304 1099 3361 lon·

191 3384 313 3461 gissime
324 3395 438 3461 tempus
449 3385 577 3456 duceret,
589 3402 707 3442 causam
717 3382 915 3460 interponens,
924 3404 958 3442 se
970 3384 1099 3458 collegas

191 3475 376 3540 exspectare,
385 3483 472 3540 quum
481 3463 697 3522 Lacedaemonii
706 3475 904 3539 quererentur,
913 3483 985 3541 opus
994 3461 1100 3521 nihilo-

189 3542 287 3601 minus
309 3543 383 3614 fleri,
406 3561 529 3620 eumque
551 3542 583 3601 in
597 3560 634 3600 ea
651 3560 683 3600 re
703 3542 804 3602 conari
824 3542 939 3602 fallere.
979 3539 1100 3601 Interim
1118 3542 1138 3598 2

190 3621 298 3699 reliqui
313 3622 403 3700 legati
417 3633 484 3686 sunt
497 3621 660 3680 consecuti.
700 3622 728 3680 A
741 3621 846 3698 quibus
858 3641 947 3700 quum
960 3617 1100 3690 audisset,

191 3717 251 3760 non
268 3702 389 3762 multum
402 3719 560 3779 superesse
576 3699 755 3771 mimitionis,
769 3701 806 3760 ad
820 3700 946 3780 ephoros
961 3695 1100 3760 Laceda-

560 3792 768 3919 'Pinpgflreml-
