2692 4306
249 341 292 401 ae
479 335 564 400 vu„
580 341 609 410 s,
626 341 665 398 e·
699 333 914 414 (erasmae.)

244 493 318 553 runt,
327 481 518 558 presidioque
532 481 573 540 ibi
585 490 725 558 perpetuo
738 481 833 556 posito
846 480 877 538 in
890 477 1042 540 obsidione
1057 481 1143 540 Athe·

244 579 298 620 nas
321 569 484 618 tenuerunt.
536 559 678 636 Ejusdem
704 577 794 634 opera
820 559 933 618 Ioniam
960 577 977 616 a
1005 559 1145 619 societate

244 649 407 698 cremarunt
427 637 658 696 Atheniensium.
700 638 766 704 Quo
779 637 855 696 sacto
875 639 963 696 multo
980 639 1145 714 superiores

243 719 321 776 bello
336 737 403 776 esse
418 727 574 794 coeperunt.

208 797 220 857 ⁸.
283 796 321 855 V.
343 797 447 870 Neque
460 814 531 852 vero
553 795 600 853 his
621 796 707 854 rebus
728 806 788 852 tam
801 795 888 853 amici
912 794 1059 854 Alcibiadi
1081 807 1146 854 sunt

243 874 322 945 sact‘,
335 893 420 950 quam
432 875 533 931 timore
548 875 584 931 ab
598 893 634 932 eo
648 873 775 930 alienati.
817 875 894 932 Nam
907 893 993 948 quum
1013 875 1146 932 acerrimi

242 953 297 1011 viri
319 963 502 1028 praestantem
522 953 702 1029 prudentiam
723 951 754 1010 in
772 952 903 1011 omuibus
922 954 1008 1010 rebus
1023 972 1146 1030 capnos·

243 1042 353 1102 carent,
363 1031 578 1108 pertimuerunt,
586 1051 623 1089 ne
638 1030 757 1088 caritate
770 1031 870 1106 patriae
878 1031 980 1089 ductus
994 1031 1146 1106 aliquando

244 1112 279 1168 ab
306 1111 380 1185 ipsis
401 1109 591 1180 descisceret,
616 1119 645 1167 et
666 1127 733 1166 cum
754 1110 816 1166 suis
836 1109 868 1167 in
888 1110 1009 1186 gratiam
1027 1111 1145 1169 rediret.

243 1189 342 1264 Itaque
367 1199 479 1264 tempus
502 1191 565 1266 ejus
589 1187 783 1245 interficiendi
806 1206 932 1262 quaerere
953 1188 1145 1247 instituerunt.

204 1271 222 1324 2
244 1267 279 1326 ld
302 1267 448 1325 Alcibiadi
470 1266 577 1326 diutius
599 1265 689 1327 celari
711 1284 771 1324 non
790 1265 898 1342 potuit:
931 1277 993 1324 erat
1013 1268 1090 1324 enim
1110 1287 1147 1325 ea

243 1345 452 1421 sagacitatem
462 1345 560 1422 decipi
570 1362 628 1402 non
638 1353 748 1420 poset,
755 1343 916 1418 praesertim
943 1363 1011 1404 uum
1022 1345 1147 1404 animum

243 1425 416 1482 attendisset
439 1423 475 1480 ad
497 1423 693 1508 cavendumy
721 1423 822 1496 Itaque
846 1423 883 1480 ad
935 1423 1146 1498 resaphernem,

204 1505 222 1560 3
242 1503 409 1578 prefectum
431 1501 511 1578 regis
536 1501 628 1573 Darii,
649 1520 683 1559 se
708 1500 837 1560 contulit.
889 1501 980 1578 Cujus
1004 1521 1090 1578 quum
1116 1503 1147 1561 in

243 1581 373 1638 intimam
387 1580 544 1638 anticitiam
562 1580 754 1656 pervenisset,
769 1589 799 1636 et
818 1579 1049 1652 Atheniensium,
1069 1583 1145 1640 male

244 1660 336 1735 gestis
350 1661 381 1718 in
396 1659 499 1716 Sicilia
512 1661 609 1728 rebus,
623 1677 694 1734 opes
710 1676 877 1728 senescere,
893 1669 991 1716 contre
1010 1659 1147 1718 Lacedae·

181 1757 185 1764 ’
242 1739 403 1795 munierum
417 1756 551 1795 crescere
565 1737 694 1794 videret:
722 1735 805 1792 initio
826 1755 893 1794 cum
913 1737 1056 1796 Pisandro
1075 1758 1147 1814 prae·

243 1827 315 1886 tore,
329 1816 377 1890 qui
391 1816 467 1890 apud
482 1817 601 1872 Samum
615 1815 774 1872 exercitum
787 1813 920 1885 habebat,
934 1835 987 1891 per
1000 1817 1146 1874 internun-

244 1895 300 1950 tios
315 1894 492 1967 colloquitur,
504 1904 533 1950 et
546 1894 582 1950 de
596 1893 690 1950 reditu
703 1911 756 1950 suo
770 1893 840 1950 lacit
849 1895 1034 1952 mentionem.
1076 1896 1147 1954 Erat

244 1971 323 2029 enim
337 1972 514 2046 eodemque
529 1971 707 2042 Alcibiades,
716 1990 815 2041 sensu,
829 1973 929 2048 populi
942 1975 1078 2048 potentiae
1088 1993 1146 2032 non

205 2055 224 2108 4
245 2051 364 2120 amicus,
380 2063 409 2107 et
421 2051 588 2126 optimatum
598 2049 699 2108 fautor.
733 2051 779 2108 Ab
793 2049 849 2108 hoc
861 2051 1013 2110 destitutus
1025 2053 1147 2128 primum

243 2147 297 2206 per
320 2128 543 2204 Thrasybulum,
568 2129 644 2204 Lyci
667 2127 767 2198 filium,
791 2131 827 2186 ab
847 2130 977 2188 exercitu
999 2131 1147 2206 recipitur,

243 2219 399 2285 praetorque
424 2209 455 2265 fit
476 2207 552 2282 apud
576 2208 711 2266 Samum:
741 2218 816 2282 poet,
837 2209 1011 2284 suffragante
1035 2209 1147 2268 Thera-

243 2291 338 2358 mene,
361 2287 535 2363 populiscitu
562 2286 728 2356 restituitur,
755 2287 875 2362 parique
895 2289 1001 2346 absens
1026 2287 1147 2366 imperio

205 2372 223 2424 5
243 2366 397 2442 praefioitur
407 2366 493 2424 simul
504 2384 571 2422 cum
583 2364 768 2440 Thrasybulo
780 2375 810 2424 et
820 2366 1013 2426 Theramene.
1035 2367 1148 2426 Horum

244 2443 275 2502 in
289 2445 411 2521 imperio
432 2456 511 2502 tanta
524 2443 707 2502 commutatio
720 2461 816 2502 rerum
838 2444 916 2502 facta
935 2456 990 2516 est,
1002 2454 1034 2504 ut
1054 2445 1147 2504 Ieace·

244 2523 386 2594 demanii,
407 2523 456 2598 qui
478 2523 576 2599 paullo
597 2532 663 2580 ante
677 2522 802 2580 victores
823 2522 981 2598 viguerant,
1004 2525 1148 2600 perterriti

243 2621 347 2678 pacem
359 2612 501 2677 peterent.
543 2599 623 2658 Victi
636 2601 714 2658 enim
728 2611 810 2658 erant
823 2601 947 2676 quinque
967 2602 1077 2678 proeliis
1091 2613 1148 2660 ter·

243 2681 392 2750 menibus,
416 2681 506 2737 tribue
527 2679 686 2750 navalibus,
711 2679 742 2736 in
768 2678 871 2754 quibus
894 2681 1033 2738 ducentas
1056 2700 1148 2738 navae

244 2758 376 2816 triremes
391 2757 556 2828 amiserant,
569 2775 631 2832 quae
645 2768 736 2834 capte
756 2758 787 2816 in
806 2757 933 2816 hostium
944 2769 1085 2818 venerant
1097 2777 1148 2836 po-

206 2840 224 2896 6
244 2845 387 2894 testatem.
428 2835 599 2894 Alcibiades
619 2835 705 2894 simul
719 2855 785 2894 cum
798 2836 921 2912 collegis
935 2848 1088 2912 receperat
1101 2839 1148 2896 Io·

243 2915 331 2984 nmm,
356 2914 590 2988 Hellespontum,
614 2915 718 2972 multas
742 2925 881 2991 preterea
903 2915 990 2972 urbes
1019 2915 1148 2986 Graecae,

244 3011 306 3068 quae
326 2991 357 3050 in
371 3010 421 3050 ora
441 2993 503 3050 sitae
517 3003 584 3050 sunt
605 2992 694 3062 Asia,
708 3009 826 3067 quarum
850 3004 1047 3068 expugnarant
1071 3013 1148 3051 com·

243 3071 352 3147 plures,
366 3071 397 3128 in
416 3070 464 3128 his
479 3071 664 3146 Byzantium
685 3089 779 3146 neque
794 3071 888 3128 minus
907 3072 1010 3130 multas
1025 3073 1163 3130 consilio'

245 3150 283 3206 ad
309 3150 465 3208 amicitiam
489 3150 685 3226 adjunxerant,
710 3149 785 3224 quod
812 3149 843 3207 in
871 3163 970 3226 captos
995 3151 1150 3210 clementia

205 3233 224 3288 7
245 3227 357 3286 fuerant
379 3229 435 3286 uei.
490 3229 535 3286 Ita
558 3229 654 3304 praeda
675 3228 780 3298 onusti,
806 3229 982 3304 locupletato
1010 3229 1150 3299 exercitu,

244 3307 377 3364 maximis
392 3309 477 3364 rebus
492 3308 593 3383 gestis,
607 3306 737 3364 Athenas
752 3319 900 3365 venenum.

208 3389 222 3442 l
285 3385 339 3443 VI.
361 3385 419 3443 His
440 3405 526 3460 quum
539 3385 653 3442 obviam
673 3385 810 3442 universa
830 3385 932 3442 civitas
957 3385 988 3442 in
1008 3386 1150 3443 Piraeum

245 3463 458 3534 descendisset,
466 3475 545 3520 tanta
558 3462 611 3538 fuit
621 3463 747 3520 omnium
758 3464 937 3539 exspectatio
946 3463 1061 3520 visendi
1070 3461 1150 3520 Alei·

244 3541 349 3613 biadis,
359 3553 390 3600 ut
404 3542 441 3600 ad
455 3543 518 3620 ejus
532 3542 678 3600 triremem
685 3542 789 3616 vulgus
803 3543 971 3612 conflueret,
981 3541 1102 3617 proinde
1114 3559 1149 3597 ao

207 3623 225 3678 2
247 3620 273 3678 si
284 3623 365 3680 solus
374 3621 551 3679 advenisset.
584 3621 635 3678 Sic
647 3619 725 3676 enim
737 3621 844 3694 populo
858 3631 920 3678 erat
929 3638 1112 3694 persuasum,
1122 3627 1150 3676 et

246 3699 384 3760 adversas
394 3699 568 3775 superiores,
578 3707 607 3756 et
620 3707 778 3773 presentes
787 3698 931 3756 secundas
945 3716 993 3756 res
1002 3697 1150 3756 accidisse
