2680 4304
392 347 483 411 xxr.
530 356 556 414 1.
587 349 666 450 Ι(ιι
679 347 843 431 nesea.)
1027 359 1070 417 sa

162 503 238 560 anim
253 502 383 578 speciem
405 501 545 560 libertatis
559 523 632 573 esse,
647 503 672 561 si
696 503 837 573 omnibus,
852 503 927 579 quod
948 506 1071 582 quisque

161 581 257 651 vellet,
285 581 401 658 legibus
425 583 550 658 experiri
572 582 684 639 liceret.
726 581 814 652 Idem,
840 601 932 660 quum
951 585 1108 660 quidamd

159 657 304 718 Lamestii
329 659 442 730 similis,
456 661 571 718 nomine
595 659 790 731 Demaenetus,
805 663 835 718 in
857 663 996 722 concione
1021 683 1068 740 po-

159 739 219 814 puli
244 739 283 796 de
305 738 393 796 rebus
416 740 505 816 gestis
525 739 589 816 ejus
610 739 760 797 detrahere
781 741 925 818 coepisset,
940 761 977 800 ae
999 761 1067 800 non·

157 817 240 875 nulla
254 817 446 874 inveheretur
465 818 496 874 in
511 817 701 888 Timoleonta,
716 819 797 890 dixit,
812 838 891 878 nune
905 822 1021 880 demum
1036 841 1067 880 se

157 897 215 954 voti
229 915 296 955 esse
311 895 490 954 damnatum.
532 897 670 974 Namque
691 899 744 956 hoc
760 919 777 956 a
790 899 845 956 diis
859 901 1067 958 immortalibus

158 993 273 1052 semper
287 984 449 1051 precatum,
465 985 497 1033 ut
510 975 598 1034 talem
612 977 774 1035 libertatem
793 980 957 1038 restitueret
978 979 1066 1056 Syra-

157 1055 288 1124 cusanis,
304 1055 334 1110 in
349 1071 408 1130 qua
422 1055 517 1112 cuivis
532 1054 641 1126 liceret,
656 1055 691 1114 de
711 1075 769 1133 quo
783 1057 878 1128 vellet,
893 1059 1011 1135 impune
1025 1059 1066 1115 di·

158 1150 234 1190 cers.
278 1133 339 1190 Hic
363 1151 455 1209 quum
477 1133 554 1191 diem
577 1153 745 1212 supremum
769 1136 893 1207 obiisset,
909 1137 1024 1212 publiea
1048 1141 1105 1194 st

158 1209 357 1286 Syracusanis
377 1213 407 1269 in
421 1215 584 1290 gymnasio,
598 1213 674 1290 quod
695 1214 926 1272 Timoleonteum
941 1217 1065 1293 appello-

158 1298 216 1361 tur,
229 1300 290 1349 tota
304 1291 470 1350 celebrante
484 1291 595 1362 Sicilia,
611 1293 740 1369 sepultus
754 1305 806 1352 est.

453 1525 788 1536 Μ

295 1695 434 1770 XXI.
487 1695 569 1770 DE
608 1695 930 1772 REGIBUS.

535 1885 693 1896 -n——n—

195 1994 218 2053 l.
240 1995 284 2053 Hi
299 1995 360 2052 fere
375 1995 494 2053 suerunt
508 1996 632 2054 Graeciae
645 1996 739 2072 gentis
752 1996 850 2068 duces,
859 1998 910 2074 qui
925 2001 1063 2058 memoria
1086 2005 1100 2058 l

158 2072 234 2152 digni
248 2074 434 2144 videbantur,
449 2084 553 2151 praeter
574 2093 667 2152 reges.
709 2075 845 2152 Namque
859 2095 909 2135 eos
923 2078 1064 2155 attingere

158 2153 312 2223 noluimus,
325 2153 401 2228 quod
414 2155 542 2212 omnium
558 2171 605 2211 res
615 2164 703 2230 gestae
713 2155 866 2230 separatim
877 2157 1062 2214 suntrelatae.

158 2229 262 2308 Neque
277 2241 375 2288 tamen
396 2232 426 2288 hi
440 2231 593 2290 admodum
607 2243 674 2290 sunt
688 2233 782 2290 multi.
824 2233 1063 2293 Laeedaemonius
1084 2241 1103 2293 2

159 2320 251 2368 eutem
269 2311 430 2388 Agesilaus
444 2313 567 2381 nomine,
582 2329 639 2368 non
660 2321 805 2388 potestate,
820 2311 875 2369 fuit
894 2331 965 2384 rex3
988 2314 1063 2370 sicut

158 2391 242 2448 ceteri
272 2389 418 2466 Spartani.
461 2389 507 2447 Ex
522 2391 568 2448 his
583 2408 660 2460 vero,
675 2391 726 2466 qui
746 2389 922 2447 dominatum
944 2391 1064 2466 imperio

158 2476 322 2538 tennerunt,
350 2469 585 2526 excellentissimi
610 2467 736 2538 fuerunt,
760 2477 792 2525 ut
815 2485 868 2524 nos
887 2467 1063 2544 judicamus,

158 2545 311 2604 Persarum
336 2546 434 2622 Cyrus
454 2557 483 2605 et
502 2546 620 2616 Darius,
645 2547 801 2622 Hystaspis
823 2546 919 2604 filius:
940 2565 1064 2622 quorum

158 2635 280 2704 uterque
299 2627 431 2684 privatus
453 2627 560 2684 virtute
585 2643 708 2703 regnum
733 2635 776 2682 est
799 2625 928 2700 adeptus.
983 2625 1064 2684 Prior

158 2703 259 2762 horum
274 2705 351 2782 apud
375 2705 556 2783 Massagetas
578 2706 608 2762 in
631 2704 734 2782 prcelio
751 2703 874 2776 cecidit;
897 2702 1007 2762 Darius
1020 2725 1062 2764 se·

158 2794 273 2842 nectute
302 2785 378 2842 diem
406 2786 476 2842 obiit
503 2803 682 2862 supremum.
736 2783 812 2840 Tres
833 2793 901 2841 sunt
924 2789 1102 2860 praetereat!

159 2862 288 2938 ejusdem
302 2865 427 2940 generis,
443 2863 564 2933 Xerxes,
579 2873 608 2920 et
621 2863 679 2921 duo
693 2863 882 2932 Artaxerxes,
897 2861 1063 2921 Macrochir

160 2950 186 2998 et
199 2941 346 3001 Mnemon.
390 2943 482 3001 Xerxi
496 2943 623 3000 maxime
636 2953 679 3000 est
693 2942 814 3010 illustre,
832 2941 907 3018 quod
928 2943 1063 3000 maximis

159 3030 217 3094 post
230 3022 380 3080 hominum
394 3022 563 3079 memoriam
578 3021 752 3079 exercitibus
765 3031 842 3078 terra
856 3021 988 3098 marique
1004 3021 1062 3078 bel·

160 3097 218 3156 lum
237 3100 336 3158 intulit
357 3101 490 3159 Graeoiae.
533 3101 575 3158 At
599 3099 764 3158 Macrochir
777 3099 953 3175 praecipuam
977 3099 1063 3156 habet
1084 3104 1100 3158 t

160 3174 273 3237 laudem
295 3180 481 3256 amplissimae
508 3179 770 3255 pulcherrimaeque
798 3178 926 3251 corporis
948 3177 1061 3236 formae:

161 3271 244 3328 quam
266 3259 429 3316 incredibili
451 3258 566 3316 ornavit
593 3257 700 3315 virtute
730 3257 807 3314 belli.
849 3254 986 3332 Namque
1014 3256 1063 3313 illo

162 3329 260 3394 Perses
273 3355 359 3394 nemo
373 3335 428 3394 fuit
442 3354 531 3393 manu
546 3334 655 3394 fortior.
684 3335 821 3394 Mnemon
835 3344 933 3391 autern
943 3335 1063 3412 justitiae

164 3408 235 3472 fama
248 3415 355 3473 floruit.
396 3415 427 3472 N
428 3433 476 3470 om
494 3433 584 3490 quum
599 3415 700 3473 matris
721 3431 783 3472 suoe
796 3412 907 3470 scelere
919 3414 1064 3471 amisisset

163 3506 286 3563 uxorem,
302 3503 415 3551 tantum
428 3493 549 3552 indulsit
562 3493 662 3563 dolori,
678 3503 710 3552 ut
734 3511 802 3552 eum
817 3493 909 3568 pietas
922 3493 1061 3549 vinceret.

163 3565 206 3626 Ex
219 3571 264 3629 his
277 3571 335 3630 duc
348 3571 449 3629 ecdem
463 3572 578 3630 nomine
592 3573 690 3630 morbo
703 3581 816 3630 naturae
829 3570 957 3628 debitum
971 3567 1062 3624 reddi·
1084 3573 1101 3624 ⁵

163 3644 278 3709 derunt:
299 3651 402 3708 tertius
414 3650 451 3708 ab
469 3650 621 3709 Artabano
645 3649 781 3727 prefecto
804 3647 881 3705 ferro
894 3647 1063 3702 interemtus

162 3733 212 3783 est.

628 3801 646 3853 8
