2680 4304
268 340 311 400 ee
471 333 562 398 xxi.
605 342 635 409 a,
651 341 681 398 a
729 329 792 415 (na
806 330 969 414 regern,

228 493 244 546 1
306 486 345 546 Il.
366 486 414 546 Ex
429 486 623 546 Macedonum
638 497 736 546 autem
756 503 865 562 genere
879 484 937 542 duo
957 485 1049 544 multo
1062 495 1174 546 ceteros

266 575 484 624 antecesserunt
494 585 592 624 rerum
603 576 752 642 gestarum
759 564 866 641 gloria:
888 562 1050 641 Philippus,
1060 565 1174 642 Amyn·

266 653 303 702 tae
316 644 403 714 lilius,
419 654 448 702 et
462 643 631 703 Alexander
644 644 781 720 Magnus.
811 642 924 700 Horum
936 643 1010 700 alter
1023 643 1175 720 Babylone

266 723 366 780 morbo
392 735 562 782 consumtus
588 733 651 795 est;
685 722 835 800 Philippus
860 721 945 798 AEgis
972 740 991 778 a
1018 721 1174 794 Pausania,

265 819 357 876 quum
370 812 532 877 spectatum
546 801 629 860 ludos
642 803 707 871 iret,
725 801 810 876 juxta
831 800 977 858 theatrum
990 802 1106 860 occisus
1119 812 1173 860 est.

135 883 145 898 ‘
227 885 245 938 2
266 879 351 938 Unus
362 879 504 957 Epirotes,
520 881 660 957 Pyrrhus,
671 881 721 956 qni
736 898 804 938 curn
818 879 922 955 populo
938 878 1069 936 Romano
1085 880 1174 940 bella-

265 961 316 1016 vit.
359 958 387 1016 ls
407 977 499 1034 quum
513 960 610 1037 Argos
630 959 765 1036 oppidum
779 967 959 1035 oppugnaret
983 959 1013 1014 in
1035 957 1175 1035 Pelopon.

264 1055 343 1107 naso,
368 1038 463 1113 lapide
477 1040 554 1098 ictus
575 1041 693 1096 interiit.
737 1037 822 1096 Unus
836 1038 905 1094 itero
919 1037 1047 1107 Siculus,
1063 1035 1174 1113 Diony·

265 1117 327 1173 sius
336 1117 423 1192 prior.
465 1117 545 1176 Nam
555 1128 584 1175 et
598 1137 686 1174 manu
701 1116 790 1186 fortis,
806 1127 834 1174 et
849 1116 918 1174 belli
932 1117 1043 1191 peritus
1057 1115 1120 1187 suit,
1135 1128 1172 1188 et,

265 1195 292 1252 id
307 1195 383 1271 quod
397 1196 427 1252 in
447 1205 572 1270 tyranno
585 1215 642 1254 non
663 1195 750 1254 facile
771 1195 922 1271 reperitur,
938 1195 1056 1252 minime
1080 1196 1172 1252 libidi-

264 1292 360 1342 nosus,
375 1293 432 1331 non
458 1276 635 1344 luxuriosus,
649 1294 707 1332 non
729 1293 845 1344 avarus,
860 1273 971 1330 nullius
991 1273 1116 1349 denique
1131 1275 1174 1332 rei

163 1414 166 1420 ¹
264 1351 396 1428 cupidus,
412 1353 468 1410 nisi
488 1354 645 1430 singularis
659 1353 847 1430 perpetuique
862 1352 984 1428 imperii,
999 1352 1035 1408 ob
1049 1372 1172 1428 eamque

265 1449 327 1488 rem
351 1428 488 1490 crudelis.
530 1433 608 1490 Nam
633 1433 702 1489 dum
726 1432 755 1490 id
780 1431 890 1489 studuit
915 1431 1038 1500 munire,
1062 1432 1173 1490 nullius

225 1514 244 1566 3
266 1509 393 1585 pepercit
414 1512 489 1581 vitae,
514 1530 602 1587 quem
626 1512 691 1587 ejus
720 1511 915 1568 insidiatorem
937 1519 1060 1586 putaret.
1114 1511 1172 1569 Hic

265 1607 356 1662 quum
369 1589 474 1648 virtute
488 1591 671 1665 tyrannidem
686 1591 741 1647 sibi
756 1589 922 1666 peperisset,
932 1607 1039 1664 magna
1054 1591 1172 1647 retinuit

265 1665 412 1737 felicitate,
428 1669 577 1745 majorque
592 1689 682 1726 annos
704 1669 857 1744 sexaginta
877 1676 964 1724 natus
984 1667 1110 1726 decessit
1123 1670 1171 1726 flo-

265 1755 345 1802 rente
367 1765 466 1824 regno.
507 1747 613 1823 Neque
634 1750 665 1805 in
687 1757 746 1804 tam
771 1746 869 1804 multis
892 1745 976 1802 annis
996 1747 1172 1823 cujusquam

264 1843 301 1880 ex
314 1843 369 1882 sua
382 1825 469 1902 stirpe
489 1825 577 1884 funus
592 1827 671 1896 vidit,
686 1845 777 1902 quum
792 1844 828 1882 ex
842 1825 935 1882 tribus
949 1826 1088 1882 uxoribus
1101 1827 1179 1884 libe:

265 1921 312 1959 ros
325 1913 514 1978 procreasset,
529 1906 672 1981 multique
686 1905 715 1962 ei
728 1904 789 1961 nati
804 1913 900 1961 essent
913 1913 1041 1979 nepotes.

226 1987 241 2040 l
303 1979 356 2038 Ill.
379 1979 513 2040 Fuerunt
527 1993 668 2059 praeterea
678 1984 763 2042 multi
778 2001 862 2059 reges
876 2001 912 2040 ex
922 1983 1030 2040 amicis·
1039 1983 1170 2042 Alexan·

264 2059 309 2116 dri
334 2058 443 2134 Magni,
458 2062 508 2135 qui
534 2071 595 2138 post
618 2064 727 2120 obitum
747 2062 812 2138 ejus
825 2061 947 2138 imperia
960 2072 1118 2137 ceperunt:
1141 2064 1172 2120 in

264 2139 308 2194 his
323 2139 498 2216 Antigonus,
514 2152 544 2199 et
564 2141 652 2217 hujus
672 2142 751 2200 filius
772 2139 948 2209 Demetrius,
964 2139 1170 2215 Lysimachus,

224 2216 417 2285 asenneus,
442 2217 623 2278 Ptolemaeus.
673 2220 721 2278 Ex
745 2221 790 2278 his
815 2220 982 2295 Antigonus
1003 2221 1033 2276 in
1059 2221 1171 2296 proelio,

263 2314 354 2371 quum
379 2295 519 2357 adversus
540 2299 699 2358 Seleucum
720 2298 990 2375 Lysimachnmque
1009 2299 1170 2370 dimicaret,

262 2377 377 2435 occisus
402 2386 455 2434 est.
497 2377 564 2436 Pari
588 2379 645 2438 leto
659 2378 781 2437 affectus
795 2387 838 2436 est
862 2375 1060 2452 Lysimachus
1080 2398 1099 2436 a
1120 2378 1171 2436 Se·

263 2455 357 2514 leuco.
400 2457 488 2525 Nam,
503 2459 639 2516 societate
664 2457 811 2526 dissoluta,
827 2456 936 2514 bellurn
957 2457 1084 2514 interae
1105 2477 1169 2534 ges·

224 2536 242 2589 3
262 2546 371 2594 serunt.
414 2538 456 2594 At
477 2535 652 2607 Demetrius,
666 2556 758 2613 quum
778 2537 869 2594 filiam
890 2554 974 2593 suam
995 2535 1120 2595 Seleuco
1139 2538 1171 2594 in

263 2616 477 2674 matrimonium
499 2615 630 2686 dedisset,
652 2635 746 2692 neque
769 2635 804 2674 ao
825 2615 920 2691 magis
941 2613 1000 2670 fida
1022 2615 1097 2672 inter
1121 2635 1171 2674 eos

264 2694 392 2752 amicitia
406 2713 524 2752 manere
540 2696 686 2770 potuisset,
707 2705 810 2770 captus
830 2693 914 2763 bello,
937 2693 967 2750 in
981 2693 1113 2752 custodia
1125 2714 1169 2754 so-

224 2773 241 2826 d
262 2788 314 2826 cer
332 2773 434 2847 generi
456 2774 541 2848 periit
561 2774 700 2832 amorbo.
743 2773 848 2849 Neque
873 2773 914 2830 ita
928 2771 1019 2830 multo
1034 2783 1096 2848 post
1118 2773 1169 2832 Se·

262 2848 366 2907 leucus
380 2869 397 2908 a
412 2850 565 2910 Ptolemaeo
578 2851 712 2910 Cerauno
727 2851 791 2909 dolo
812 2851 982 2910 Interiectus
996 2861 1059 2924 est3
1081 2870 1170 2929 quem

262 2927 312 2984 ille
327 2947 345 2986 a
365 2939 445 3006 patre
459 2929 614 3005 expulsum
629 2929 827 3000 Alexandrea,
843 2929 1005 2988 alienarum
1019 2949 1106 3008 opum
1126 2933 1169 2989 in·

262 3005 417 3083 digentem,
442 3018 602 3086 receperat.
658 3008 722 3084 lpse
747 3019 844 3068 autern
868 3009 1050 3080 Ptolomeus,
1077 3029 1170 3086 quum

262 3085 347 3143 vivus
360 3087 420 3146 filio
433 3105 557 3165 regnum
571 3086 742 3158 tradidisset,
758 3089 794 3146 ab
814 3088 864 3146 illo
878 3087 979 3146 eodem
994 3089 1054 3146 vita
1074 3091 1169 3166 priva-

223 3167 241 3219 5
262 3173 309 3221 tus
322 3163 440 3224 dicitur.
481 3166 526 3225 Da
541 3167 648 3242 quibus
661 3169 798 3243 quoniam
812 3169 882 3226 satis
896 3167 1007 3224 dictum
1022 3178 1168 3243 putamus,

260 3261 318 3300 non
332 3245 544 3304 incommodum
559 3246 682 3317 videtur,
697 3265 754 3304 non
768 3247 915 3323 praeterire
925 3244 1127 3304 Hamilcarem
1141 3256 1170 3306 et

261 3320 466 3394 Hannibalem,
481 3344 554 3401 qnos
567 3335 596 3384 et
617 3327 706 3384 animi
726 3325 934 3402 magnitudine,
957 3335 986 3384 et
1009 3325 1168 3386 calliditate

260 3419 360 3460 omnes
373 3403 409 3463 in
418 3403 521 3464 Africa
536 3414 618 3464 natos
631 3405 798 3484 prestitisse
811 3413 935 3464 constat.
