2680 4304
270 403 331 464 108
384 395 491 463 XXV.
537 403 587 462 21.
635 393 688 480 (T.
704 391 901 479 Pomponius
915 395 1065 478 Atticus.)

264 570 333 612 eum
346 553 496 623 scriberet,
512 571 603 630 quum
622 549 705 609 modo
719 550 830 626 aliquid
851 549 887 607 de
902 549 1073 626 antiquitate
1094 550 1131 608 ab
1144 571 1178 612 ec

263 632 433 709 requireret,
462 631 546 690 modo
576 630 705 708 aliquam
738 629 794 707 [ei]
823 629 1012 705 quaestionem
1037 630 1179 706 poeticam

262 721 442 788 proponeret,
465 710 609 769 interdum
635 709 739 785 jocans
766 709 832 785 ejus
855 709 1036 766 verbosiores
1059 708 1180 770 eliceret

222 789 408 868 sepimine.
451 791 498 849 Ex
523 809 581 867 quo
602 789 717 860 accidit,
732 807 823 866 quum
848 787 918 846 edis
942 786 1023 846 Jovis
1045 787 1178 862 Feretrii,

261 870 292 926 in
306 868 449 948 Capitolio
463 871 500 928 ab
515 868 641 928 Romulo
655 870 820 938 constituta,
835 876 978 926 vetustate
993 877 1081 943 atque
1095 868 1178 928 ineu.
1235 945 1238 950 Ι

260 949 305 1008 ria
325 949 440 1008 detecta
454 950 662 1027 prolaberetur,
678 957 710 1006 ut
729 949 822 1006 Attici
836 947 984 1005 admonitu
998 946 1099 1005 Cesar
1112 967 1178 1008 eum

220 1031 241 1087 4
261 1028 448 1087 reficiendam
467 1037 594 1088 curaret.
618 1027 724 1105 Neque
739 1043 808 1086 vero
827 1027 864 1086 ab
880 1025 922 1084 Μ.
938 1025 1067 1084 Antonio
1080 1027 1178 1086 minus

259 1108 365 1166 absens
378 1109 482 1167 litteris
496 1109 662 1168 colebatur:
684 1107 765 1178 adeo,
781 1117 813 1166 ut
827 1115 965 1164 accurate
986 1105 1037 1164 ille
1051 1123 1089 1163 ex
1110 1106 1177 1166 ulti-

258 1188 315 1246 mis
328 1189 423 1258 terris,
432 1188 502 1265 quid
517 1197 626 1268 ageret,
635 1185 705 1264 quid
720 1203 801 1244 curte
814 1185 869 1244 sibi
883 1185 1012 1255 haberet,
1022 1185 1177 1246 certiorem

218 1269 238 1324 o
259 1265 371 1326 iaceret
385 1268 529 1350 qtticum.
571 1266 637 1326 Hoc
652 1264 739 1343 quale
753 1266 799 1336 sit,
814 1264 932 1324 facilius
946 1265 1121 1323 existimabit
1141 1266 1179 1339 is,

258 1347 309 1422 qui
319 1346 455 1424 judicare
469 1346 580 1424 poterit,
590 1355 708 1424 quante
717 1345 755 1403 sit
768 1345 926 1422 sapientire,
938 1363 1038 1402 eorum
1050 1345 1177 1404 retinere

258 1443 346 1484 usum
362 1426 659 1504 benevolentiamque,
675 1425 751 1483 inter
771 1443 844 1502 quos
865 1425 1060 1482 maximarum
1075 1441 1177 1484 rerurn

258 1521 316 1563 non
330 1505 425 1564 solum
439 1507 595 1576 aemulatio,
610 1505 661 1564 sed
678 1505 846 1563 obtrectatio
868 1513 948 1562 tanta
968 1503 1176 1576 intercedebat,

258 1595 397 1660 quantam
412 1584 466 1644 fuit
480 1585 608 1644 incidere
622 1604 742 1643 necesse
756 1584 832 1642 inter
847 1583 995 1642 Cursarem
1010 1593 1097 1660 etque
1112 1584 1175 1642 An.

258 1665 378 1734 tonium,
403 1684 494 1742 quum
517 1685 548 1723 se
570 1676 693 1742 uterque
717 1664 877 1742 principem
899 1679 956 1720 non
976 1663 1071 1721 solum
1093 1663 1175 1722 urbia

259 1743 408 1814 Romanae,
423 1745 473 1802 sed
487 1745 565 1802 orbis
578 1754 724 1802 terrarum
738 1762 801 1801 esse
815 1751 947 1820 cuperet.

220 1825 235 1880 1
299 1822 380 1882 XXI.
404 1822 472 1880 Tali
494 1823 577 1882 modo
590 1842 682 1900 quum
704 1832 813 1900 septem
828 1833 856 1880 et
879 1821 1062 1900 septuaginta
1083 1839 1174 1882 annos

257 1901 438 1978 complesset,
454 1911 541 1978 etque
557 1901 592 1959 ad
614 1911 774 1960 extremam
788 1911 969 1959 senectutem
994 1919 1051 1958 non
1075 1901 1174 1960 minus

258 1977 406 2056 dignitate,
416 1999 504 2054 quam
513 1981 609 2060 gratia
618 1980 791 2056 fortunaque
802 1981 951 2051 crevisset,
962 1980 1083 2059 (multas
1093 1983 1173 2039 enim

258 2057 432 2117 hereditates
446 2059 528 2117 nulla
543 2060 602 2117 alia
617 2079 658 2131 re,
673 2079 762 2137 quam
777 2060 912 2131 bonitate,
924 2071 968 2118 est
982 2060 1173 2139 consecutus)

257 2147 393 2214 tantaque
417 2141 606 2216 prosperitate
632 2159 703 2198 usus
725 2150 800 2198 esset
824 2139 1008 2210 valetudinis,
1032 2148 1063 2197 ut
1087 2141 1174 2199 annis

217 2221 236 2276 2
256 2217 376 2296 triginta
389 2216 534 2276 medicina
548 2237 606 2277 non
628 2218 816 2296 indiguisset:
838 2229 943 2278 nactus
963 2230 1006 2278 est
1026 2220 1171 2292 morbum,

257 2315 344 2372 quem
360 2297 441 2356 initio
454 2307 483 2358 et
500 2299 561 2376 ipse
576 2309 605 2358 et
618 2298 724 2358 medici
739 2308 982 2376 contempserunt.
1025 2298 1105 2357 Nam
1119 2319 1171 2376 pu-

255 2385 354 2436 tarunt
377 2395 441 2436 esse
466 2387 624 2450 tenesmon,
649 2379 699 2437 cui
723 2379 852 2436 remedia
875 2378 985 2438 celeria
1013 2377 1172 2456 faciliaque

217 2459 235 2514 3
256 2457 498 2534 proponebantur.
540 2457 574 2517 ln
598 2459 653 2517 hcc
677 2475 769 2534 quum
793 2467 852 2516 tres
875 2477 991 2516 menses
1014 2458 1077 2516 sine
1101 2457 1172 2516 ullis

256 2535 410 2607 doloribus,
426 2547 620 2615 preterquam
641 2557 714 2616 quos
728 2555 770 2595 ex·
779 2537 930 2596 curatione
945 2537 1087 2616 capiebat,
1102 2555 1169 2596 cou-

256 2617 443 2692 sumpsisset:
466 2618 561 2676 subito
574 2627 654 2676 tanta
668 2618 713 2674 vis
729 2617 821 2674 morbi
835 2617 864 2673 in
887 2635 979 2674 unum
1002 2617 1170 2676 intestinum

255 2696 394 2772 prorupit,
409 2706 442 2753 ut
462 2706 591 2755 extremo
604 2705 732 2773 ternpore
747 2715 800 2774 per
823 2695 937 2754 lumbos
957 2695 1056 2754 fistula
1077 2697 1170 2774 putris

216 2776 235 2830 4
255 2774 393 2848 eruperit.
435 2775 535 2851 Atque
549 2776 605 2834 hoc
619 2778 789 2852 priusquam
803 2776 831 2833 ei
846 2775 1001 2845 accideret,
1016 2785 1168 2853 postquam

255 2851 368 2909 indies
390 2851 502 2912 dolores
527 2873 697 2913 accrescere
725 2853 877 2932 febresque
898 2855 1058 2913 accessisse
1078 2855 1169 2914 sensit

256 2930 420 3008 Agrippam
461 2951 582 2990 enarum
597 2933 633 2990 ad
654 2953 685 2990 re
700 2934 811 2991 arcessi
828 2935 925 3010 jussit,
940 2943 969 2992 et
989 2953 1058 2994 cum
1072 2953 1108 2992 eo
1128 2932 1165 2992 L.

216 3009 425 3068 scemenum
474 3011 572 3069 album
595 3012 775 3088 Sextumque
800 3012 988 3072 Peducaeum.
1043 3013 1107 3072 Hos
1135 3022 1168 3072 ut

255 3089 370 3148 venisse
385 3089 465 3160 vidit,
480 3091 511 3148 in
532 3091 664 3150 cubitum
689 3091 826 3151 innixus:
847 3102 986 3169 prunum,
1002 3093 1104 3168 inquit,
1120 3112 1166 3151 cu·

254 3187 316 3226 ram
329 3167 556 3246 dilr'gentinmqne
570 3172 601 3228 in
614 3171 773 3229 ualetudine
786 3191 848 3232 rnen
861 3173 965 3230 tuende
985 3173 1036 3231 boc
1049 3182 1167 3247 tempore

254 3247 436 3318 adbibmr'm,
450 3267 534 3323 quum
547 3269 597 3308 nos
610 3251 826 3321 traiecissem,
841 3252 915 3310 nibil
925 3271 1038 3311 necesse
1051 3261 1093 3310 est
1101 3253 1166 3326 plu·

253 3326 447 3386 miseseriis
469 3347 687 3388 commemorare.
731 3327 842 3402 Quidam
864 3333 1053 3406 quoniamst
1075 3349 1165 3405 spero,

254 3403 390 3484 mtisseci,
405 3427 447 3466 rne
460 3408 534 3466 nibil
549 3409 652 3484 reliqui
661 3407 782 3486 fenim,
801 3413 874 3486 qnod
892 3412 931 3468 ud
954 3411 1111 3469 sanandum
1125 3427 1166 3467 me

215 3489 233 3542 tt
250 3488 412 3560 pertineret,
426 3487 563 3564 reliquum
577 3497 627 3559 eet,
641 3498 673 3546 ut
682 3499 785 3566 egnum
797 3489 867 3547 milti
879 3491 1033 3550 eonsuhnt.
1068 3487 1106 3546 Id
1118 3505 1167 3546 nor

260 3567 266 3578 '
334 3585 384 3625 ore
397 3567 485 3625 nolui.
527 3564 605 3626 Nam
620 3569 688 3627 naiiri
708 3577 772 3639 stat,
787 3569 863 3628 olere
883 3569 1006 3628 morbum
1026 3570 1165 3627 desinere

286 3663 383 3722 unque
396 3646 442 3705 bia
455 3646 553 3706 dicim
573 3650 709 3725 quidquid
729 3648 785 3706 cibi
797 3648 995 3727 [potionisque]
1015 3648 1113 3716 mmai,
1128 3648 1165 3704 itu

249 3726 374 3816 moduni
386 3727 479 3799 citam
489 3735 520 3785 nt
533 3731 659 3787 armemur
673 3727 784 3787 dolores
796 3731 857 3787 sine
867 3747 917 3803 spe
930 3729 1042 3786 saluus.
1070 3723 1165 3799 Quare
