2692 4306
285 377 330 438 eo
509 367 600 432 xvi.
642 373 672 444 2,
687 372 718 429 s.
763 361 973 448 (Ροιφεω.)

283 543 342 602 qne
355 523 489 583 factionis
501 521 648 598 principes
659 518 765 596 partim
778 515 993 585 interfecerant,
1008 513 1080 572 alios
1100 514 1195 573 inex·

283 604 383 662 silium
396 602 563 679 ejecerant:
583 599 615 656 ia
634 597 742 674 quibus
762 595 915 673 Pelopidas
928 594 987 664 hic,
1001 593 1039 651 de
1051 612 1110 670 quo
1122 595 1196 652 sori.

284 683 353 740 bere
367 681 463 739 exorsi
476 697 588 747 sumus,
603 677 705 754 pulsus
718 677 813 753 petria
825 675 955 732 carebat.

246 766 262 820 1
323 760 362 819 ll.
384 759 426 818 Hi
446 777 548 816 omnes
571 755 633 815 fere
647 755 780 813 Athenas
798 773 831 812 se
844 753 1037 820 contulerant,
1052 769 1120 820 non,
1134 769 1198 828 quo

284 849 476 916 sequerentur
488 838 589 911 onum,
603 835 655 892 sed
680 844 721 903 ut,
735 851 883 910 quemque
896 850 933 890 ex
955 831 1083 908 proximo
1096 829 1198 890 locum

246 922 264 975 2
285 917 344 975 fors
356 917 515 985 obtulisset,
524 933 559 972 eo
572 914 695 991 patriam
709 929 884 988 recuperare
897 911 1071 967 niterentur.
1092 907 1199 984 Itaque

285 1015 377 1072 quum
396 1006 512 1072 tempus
524 1003 569 1052 est
583 995 679 1050 visum
693 991 737 1048 rei
759 989 905 1067 gerendae,
919 989 1112 1046 communiter
1125 1005 1200 1046 curn

285 1075 339 1144 his,
363 1075 415 1151 qui
433 1073 545 1150 Thebis
568 1071 646 1129 idem
669 1070 839 1138 sentiebant,
864 1067 943 1126 diem
964 1067 1137 1144 delegerunt
1159 1065 1201 1123 ad

285 1154 418 1211 minuam
443 1149 644 1229 opprimendos
670 1150 876 1222 civitatemque
908 1145 1090 1204 liberandam
1116 1163 1200 1214 eum,

246 1250 342 1367 ,u
358 1231 494 1386 ssa
506 1227 815 1382 ssim
827 1301 1202 1380 ,aa

1112 1345 1122 1374 7

286 1407 338 1466 pro
350 1399 414 1447 ecto
426 1405 587 1464 numquam
600 1387 638 1444 ab
661 1395 722 1444 tam
741 1385 823 1443 tenui
843 1384 928 1442 initio
939 1391 1028 1440 tantm
1040 1400 1110 1458 opes
1128 1390 1202 1440 sunt

286 1467 455 1545 profligatae.
496 1466 577 1524 Nam
599 1464 753 1523 duodecim
776 1461 986 1521 adolescentuli
1006 1461 1140 1518 coierunt
1159 1478 1201 1517 ex

286 1545 341 1615 bis,
355 1546 407 1622 qui
420 1544 523 1603 exsilio
541 1553 624 1602 erant
644 1543 767 1612 multati,
782 1559 874 1618 quum
893 1540 1009 1600 omnino
1029 1557 1088 1596 non
1100 1548 1203 1597 essent

287 1623 412 1700 amplius
425 1634 552 1693 centurn,
567 1623 620 1699 qui
640 1631 719 1680 tanto
738 1640 770 1679 se
783 1619 921 1680 offerrent
943 1617 1084 1696 periculo.
1126 1617 1203 1684 Qua

247 1705 267 1759 4
286 1702 433 1778 paucitate
455 1702 591 1778 perculsa
604 1711 648 1758 est
667 1699 956 1758 Lacedaemoniorum
976 1697 1112 1774 potentia.
1155 1695 1203 1754 Hi

286 1782 365 1837 enim
379 1799 438 1838 non
458 1781 552 1857 magis
566 1779 801 1836 adversariorum
824 1777 951 1847 factioni,
976 1794 1065 1852 quam
1079 1774 1201 1852 Sparta-

286 1859 342 1927 nis,
356 1877 391 1916 eo
412 1868 541 1934 tempore
560 1857 670 1914 bellum
693 1857 865 1926 intulerunt,
879 1856 931 1932 qui
955 1855 1100 1932 principes
1113 1863 1203 1911 erant

286 1937 374 1993 totius
398 1935 542 2007 Graeciae;
575 1953 700 2010 quorum
723 1935 837 2010 imperii
859 1935 1005 2010 majestas,
1033 1951 1130 2008 neque
1158 1932 1203 1990 ita

287 2015 379 2072 multo
402 2022 473 2090 post,
499 2012 657 2070 Leuctrica
681 2032 789 2090 pugna,
815 2013 851 2070 ab
875 2013 930 2070 hoc
950 2012 1032 2070 initio
1051 2010 1201 2087 perculsa,

246 2091 421 2150 boonoidit.
463 2089 512 2149 Illi
535 2092 625 2168 igitur
637 2090 799 2161 duodecim,
814 2110 939 2167 quorum
952 2099 1016 2148 erat
1035 2089 1095 2147 dux
1116 2089 1201 2147 Pelo-

287 2170 377 2248 pidas,
392 2188 484 2246 quum
499 2170 624 2228 Athenis
638 2170 763 2228 interdiu
777 2171 914 2240 exissent,
930 2180 962 2227 ut
975 2178 1203 2246 vesperascente

286 2249 363 2308 ooelo
377 2249 496 2314 Thebas
516 2259 631 2326 possent
650 2250 813 2326 pervenire,
827 2267 895 2307 curn
917 2249 1040 2306 canibus
1057 2248 1203 2306 venaticis

286 2329 429 2398 exierunt,
445 2329 518 2386 retia
532 2327 666 2398 serentes,
681 2329 786 2386 vestitu
801 2328 918 2405 agresti,
933 2347 991 2403 quo
1011 2327 1121 2386 minore
1135 2345 1201 2384 sus-

287 2408 401 2486 picione
426 2405 555 2465 facerent
578 2408 644 2465 iter.
694 2407 756 2472 Qui
777 2425 869 2483 quum
893 2417 1020 2482 tempore
1044 2406 1115 2482 ipso,
1140 2423 1202 2480 quo

286 2487 466 2556 maduerant,
481 2487 690 2565 pervenissent,
704 2485 821 2544 domum
843 2485 986 2544 Charonis
1005 2483 1200 2554 devenerunt,

287 2585 306 2624 a
319 2585 377 2642 quo
390 2576 421 2624 et
432 2575 548 2642 tempus
561 2574 591 2623 et
603 2565 665 2622 dies
678 2574 742 2623 erat
754 2565 848 2622 datus.

249 2647 265 2701 1
327 2644 380 2703 Ill.
403 2643 469 2702 Hoc
482 2645 546 2704 loco
559 2645 630 2702 libet
650 2644 841 2721 interponere,
855 2643 911 2700 etsi
931 2641 1097 2717 sejunctum
1111 2641 1150 2699 ab
1167 2659 1201 2701 re

287 2723 430 2800 proposita
451 2732 504 2792 est,
532 2723 624 2780 nimia
650 2722 759 2782 liduoia
780 2731 898 2800 quantae
919 2721 1079 2780 calamitati
1107 2720 1202 2778 soleat

287 2820 363 2858 esse.
395 2801 426 2858 N
427 2819 474 2858 am
489 2803 712 2878 magistratuum
726 2801 934 2859 Thebanorum
948 2801 1045 2858 statim
1060 2799 1097 2856 ad
1111 2817 1201 2858 aures

325 2880 427 2949 rvenit,
439 2879 556 2937 erratiles
569 2880 599 2936 in
614 2879 716 2936 urbem
727 2879 889 2937 devenisse.
931 2879 964 2938 Id
978 2879 1031 2948 illi,
1046 2879 1112 2936 vinc
1128 2897 1199 2956 epu-

208 2968 211 2975 ·
299 2959 382 3034 isque
395 2958 493 3028 dediti,
509 2975 601 3033 usque
615 2975 650 3015 eo
666 2957 868 3034 despexerunt,
884 2968 916 3016 ut
936 2976 974 3015 ne
988 2970 1120 3033 quaerere
1134 2957 1199 3032 qui-

151 3053 154 3060 ·
247 3037 353 3094 2dem
367 3037 403 3094 de
416 3046 497 3094 tanta
512 3053 544 3094 re
558 3035 723 3094 laborarint.
756 3037 892 3094 Accessit
901 3037 999 3105 etiam,
1014 3035 1091 3112 quod
1104 3037 1201 3112 magis

287 3116 412 3191 aperiret
435 3125 537 3172 eorum
559 3115 743 3172 dementiam.
786 3115 888 3173 Allata
912 3126 956 3172 est
979 3116 1058 3172 enim
1078 3114 1202 3190 epistola

287 3195 412 3252 Athenis
432 3195 469 3251 ab
485 3193 606 3264 Archia,
622 3193 849 3271 [hierophante,]
864 3195 916 3251 uni
930 3213 969 3252 ex
991 3195 1045 3262 his,
1068 3193 1200 3264 Archiae,

286 3273 424 3348 quitum
448 3274 608 3330 maximum
633 3274 834 3352 magistratum
857 3273 968 3332 Thebis
991 3273 1146 3341 obtinebat,
1169 3272 1201 3329 in

287 3370 346 3426 qua
372 3353 470 3414 omnia
493 3352 529 3410 de
556 3350 732 3430 profectione
759 3352 896 3410 exsulum
924 3351 1085 3428 perscripta
1105 3360 1199 3408 eraut.

287 3429 365 3496 Quae
377 3449 469 3506 quum
485 3431 547 3506 jam
568 3431 724 3489 accubanti
744 3431 774 3488 in
789 3433 922 3489 convivio
935 3441 1010 3489 esset
1030 3429 1107 3498 data,
1123 3430 1200 3486 sicut

287 3520 350 3568 erat
364 3510 486 3586 signata,
501 3511 555 3567 sub
576 3509 729 3587 pulvinum
742 3510 910 3586 subjiciens,
925 3513 956 3568 in
977 3509 1139 3578 crastinum,
1155 3508 1198 3564 in·

248 3589 264 3640 d
288 3589 360 3665 quit,
381 3587 480 3666 differo
493 3607 541 3647 res
553 3607 677 3648 secans.
719 3589 761 3647 At
774 3589 817 3646 illi
830 3607 940 3660 omnes,
955 3607 1047 3666 quum
1065 3587 1129 3663 jam
1142 3603 1200 3644 nox

289 3667 482 3743 processisset,
496 3667 635 3726 vinolenti
649 3669 686 3726 ab
699 3668 860 3736 exsulibus,
876 3667 952 3726 duce
967 3665 1116 3742 Pelopida,
1131 3672 1199 3723 sunt

290 3745 443 3805 interfecti.
483 3745 601 3813 Quibus
619 3747 708 3806 rebus
727 3745 876 3816 confectis,
891 3745 981 3822 vulgo
1001 3744 1038 3803 sd
1058 3761 1143 3802 arma
1165 3743 1199 3802 li·
