2680 4304
256 328 262 338 ·
283 372 394 444 XXV.
443 380 491 448 19,
502 378 554 438 20.
600 369 654 456 (Y.
666 369 865 456 Pomponius
876 319 1030 454 ditioni
1053 377 1113 438 107

195 531 333 590 virorum
353 530 528 608 propagines
551 526 694 604 pessimum
792 543 904 586 oaoers.
953 524 1038 586 Feoit
1060 526 1116 586 boo
1136 528 1153 585 ἓ

194 610 274 670 idem
287 609 447 686 separatim
461 611 492 668 in
506 607 573 668 eliis
586 605 686 664 libris:
708 613 741 664 ut
788 645 797 664 .
811 605 898 664 Bruti
912 614 1017 683 rogatu
1030 603 1114 664 Juni-

192 707 245 748 am
258 687 402 748 familiam
415 707 434 746 a
443 689 533 766 stirpe
541 683 578 745 ad
592 685 669 744 hono
677 692 792 744 etatem
804 683 907 744 ordine
917 685 1114 756 enumeravit,

195 777 310 840 notans,
324 768 387 845 qui,
402 783 422 826 a
443 786 501 844 quo
513 776 604 836 ortus,
618 783 692 841 quos
710 764 841 836 bonores,
855 763 1020 842 quibusque
1043 771 1113 824 tem-

194 848 315 926 poribus
327 847 464 924 oepisset.
506 846 576 906 Peri
597 843 682 903 modo
695 841 832 902 Meroelli
845 842 972 914 Claudii,
987 842 1113 904 Mareel-
1134 847 1152 902 i

194 927 313 1000 lorum3
334 926 481 1003 Scipionis
500 923 628 986 Cornelii
648 932 678 982 et
698 921 784 980 Fabii
808 920 940 994 Maximi,
955 921 1113 982 Fabiorum

193 1015 225 1066 et
247 1005 438 1065 AEmiliorum
458 1023 592 1082 quoque:
612 1002 720 1079 quibus
743 1001 825 1062 libris
837 1001 911 1061 nibil
934 1011 1026 1080 potest
1049 1021 1114 1062 esse

194 1083 314 1144 duloius
327 1085 374 1156 iis,
389 1085 442 1161 qui
463 1084 592 1161 aliquam
606 1080 795 1158 cupiditatem
807 1081 916 1141 babent
929 1082 1040 1141 notitiae
1053 1081 1113 1140 ola-

196 1182 297 1223 rorum
321 1165 464 1223 virorum.
506 1163 615 1240 attigit
637 1178 753 1238 quoque
776 1161 926 1238 poeticen:
956 1160 1153 1232 oredimuab

195 1238 1114 1400 tzittttttffnmi‘initiittffbtti

196 1401 298 1478 populi
310 1402 513 1478 prestiterunt,
522 1400 656 1478 exposuit
668 1400 719 1470 ita,
734 1407 766 1458 ut
778 1398 834 1458 sub
844 1399 1027 1477 singulorum
1040 1399 1111 1458 ima·
1132 1401 1152 1457 θ

199 1479 320 1556 ginibus
341 1479 419 1538 faeta
437 1480 683 1559 magistratusque
697 1496 800 1536 eorum
822 1495 881 1538 non
895 1477 1021 1555 emplius
1042 1497 1112 1556 qua·

200 1557 293 1616 ternis
311 1558 441 1635 quinisve
453 1559 587 1618 versibus
607 1557 810 1634 desoripserit:
830 1556 908 1634 quod
922 1559 972 1615 vix
993 1557 1112 1616 ereden-

200 1635 273 1694 dum
286 1635 332 1707 sit,
347 1646 439 1696 tantas
451 1656 499 1698 res
512 1648 573 1697 tam
587 1637 714 1696 breviter
727 1637 854 1713 potuisse
868 1635 1024 1696 declarari.
1057 1635 1113 1694 Est
1235 1685 1240 1701 ,

198 1715 288 1808 etiem
309 1735 385 1775 unus
404 1717 488 1789 liber,
503 1717 609 1777 Graeoe
628 1715 788 1787 oonieotus,
803 1715 840 1774 de
854 1715 1009 1776 oonsulatu
1029 1714 1112 1774 Oios·

196 1811 286 1854 roms.

237 1873 320 1934 XIX.
341 1871 497 1936 Hactenus
512 1875 611 1935 Attioo
624 1876 691 1934 vivo
704 1873 782 1933 edita
795 1873 888 1953 [hmo]
905 1893 923 1934 a
936 1874 1019 1934 nobie
1032 1884 1110 1936 sunt.
1133 1877 1149 1934 1

195 1951 297 2025 Nune,
319 1955 459 2031 quonism
481 1955 597 2015 fortuna
617 1973 671 2014 nos
692 1954 860 2032 superstites
872 1955 901 2014 ei
923 1974 988 2014 esse
1010 1955 1110 2026 voluit,

195 2032 310 2110 reliqua
331 2051 550 2111 persequemur,
574 2043 612 2106 et,
633 2043 776 2111 quantum
797 2035 985 2110 potuerimus,
1011 2052 1111 2094 rarum

194 2112 474 2250 ffssempffiilffm
487 2113 673 2250 (1009ὴῗιῐιιιῗῖ1
677 2113 754 2172 siout
758 2113 1109 2252 gildriifigniioradimu*

195 2211 403 2348 Ndinqueirid
423 2211 578 2332 didimi
589 2210 851 2348 zrrtginqugquwplr’
866 2211 1000 2346 :dimon
1009 2211 1109 2342 11οῃηιιιῐιὲ,
1131 2275 1151 2329 2

195 2349 227 2406 in
241 2348 411 2410 affinitatem
425 2352 557 2428 pervenit
569 2351 751 2429 imperatoris
764 2349 834 2409 Divi
847 2350 919 2408 filii:
940 2369 1032 2426 quum
1047 2349 1110 2426 jam

195 2439 264 2488 ants
278 2427 506 2490 familiaritatem
519 2431 585 2509 ejus
598 2439 675 2491 esset
698 2439 877 2490 oonseoutus
898 2427 982 2487 nuile
996 2429 1055 2488 alie
1069 2447 1110 2499 re,

195 2525 287 2585 quam
299 2509 447 2587 elegantia
459 2510 535 2582 vitm,
549 2529 610 2588 qua
622 2519 735 2569 eeteros
748 2517 867 2588 oeperat
880 2507 1027 2586 principes
1040 2507 1111 2566 oivi-

196 2587 273 2658 tntis,
296 2587 438 2667 dignitate
462 2589 535 2667 peri,
560 2589 677 2650 fortune
698 2588 865 2648 humiliora.
912 2585 1011 2646 Tanta
1031 2586 1151 2645 enimi

196 2668 371 2804 prosperitas
383 2667 531 2728 cesarem
544 2677 589 2728 est
607 2677 774 2740 oonseoute,
789 2677 822 2727 ut
843 2665 916 2726 nihil
940 2665 968 2725 ei
990 2683 1047 2726 uon
1061 2667 1110 2726 tri-

215 2745 294 2838 uerit
307 2743 431 2819 bnuna,
445 2747 522 2825 quod
535 2749 674 2842 cuiquem
689 2757 758 2806 ante
770 2746 959 2840 detulerituet
971 2745 1109 2840 oonoilio-

197 2823 337 2964 ἓξὲξ
353 2845 452 2966 itti
465 2826 1110 3000 tibimetiigtpiititmt
1130 2909 1150 2964 ⁴

196 2982 289 3042 tiliam
302 2983 471 3046 oollooarat.
506 2985 595 3046 Hano
607 2986 717 3058 Cuar,
732 2987 782 3046 vix
796 2985 974 3057 annioulem,
990 2984 1110 3045 Tiberio

196 3061 321 3123 Claudio
334 3062 456 3137 Neroni,
470 3063 605 3126 Drusiile
620 3075 697 3138 nato,
720 3066 853 3145 privigno
866 3083 928 3136 suo,
942 3063 1109 3143 despondit:

195 3159 263 3280 ἓξ
276 3143 701 3302 oorrg'it‘rlngttiofipqeoessgudinem
715 3163 818 3206 eorum
837 3145 944 3216 sanxit,
959 3143 1108 3204 familiari-

256 3239 285 3280 m
369 3241 379 3280 1
399 3243 409 3282 r
499 3243 557 3284 uen
579 3243 671 3284 orem.

237 3298 305 3360 XX.
326 3301 472 3368 Quemvis
491 3314 559 3364 ante
578 3304 642 3364 beo
661 3323 677 3362 a
713 3303 808 3364 nseiia
828 3321 886 3362 non
899 3301 1003 3374 solum,
1017 3319 1109 3380 quum
1131 3305 1147 3360 l

195 3378 234 3436 eb
248 3379 321 3438 urbe
335 3381 459 3455 abesset,
473 3401 633 3460 numquam
647 3401 665 3442 a
704 3401 824 3442 suorum
837 3401 1014 3461 quemquam
1034 3381 1108 3442 litte·

194 3475 244 3514 ras
257 3459 345 3531 misit,
368 3462 441 3538 quin
464 3462 565 3522 Attioo
586 3463 721 3533 mitteret,
735 3461 804 3540 quid
825 3472 935 3541 ageret,
956 3461 1108 3539 imprimis,

194 3536 265 3614 quid
279 3537 400 3616 legeret,
414 3541 579 3620 quibusque
592 3541 624 3600 in
637 3539 718 3612 loeis,
732 3551 762 3600 et
786 3559 875 3618 quam
895 3541 947 3600 diu
960 3549 1037 3599 esset
1049 3557 1108 3598 mo·

195 3624 331 3678 ratume:
351 3618 403 3677 aed
423 3621 522 3692 etiam,
535 3639 628 3700 quum
639 3630 714 3680 esset
727 3621 759 3678 in
772 3619 855 3691 urbe,
869 3628 898 3678 et
911 3627 1027 3697 propter
1039 3635 1109 3676 suas
1129 3621 1149 3674 2

119 3759 122 3764 .
194 3693 325 3756 infinitas
344 3700 550 3776 ooouputiones
570 3700 668 3760 miuus
683 3717 769 3777 sepe,
783 3717 872 3776 quem
885 3697 986 3766 veliet,
1009 3694 1109 3754 Attioo

195 3769 352 3848 frueretur,
377 3778 478 3838 nullus
499 3779 561 3838 dies
581 3788 692 3838 temere
715 3777 887 3845 intercessit,
912 3792 971 3851 quo
990 3791 1047 3832 non
1072 3773 1109 3833 ad
