2680 4304
301 351 411 418 XXV.
456 357 485 426 8,
501 356 531 413 n.
578 347 631 434 (Τ.
645 345 843 432 Pomponius
856 347 1006 432 Atriam.)
1046 355 1103 416 101

191 526 310 569 summa
323 525 394 566 oum
407 505 474 582 ejus
486 501 643 562 offensione
664 501 741 560 domi
764 512 976 562 remanserunt.
1018 504 1110 565 AttIci
1129 509 1148 564 8

191 597 292 647 nutem
305 587 391 665 quies
404 593 552 662 tantopere
566 582 676 642 Caesari
690 581 745 640 fuit
757 591 850 660 grata,
861 591 901 653 ut,
913 583 1007 642 victor
1016 601 1109 660 quum

190 667 316 744 privetis
340 663 481 744 pecunias
504 681 557 740 per
570 661 705 739 epistolas
724 662 889 739 imperaret,
904 661 973 720 hnic
987 682 1044 722 non
1064 683 1108 722 so-

190 747 255 804 lum
269 744 413 804 molestus
430 761 488 800 non
503 741 601 812 fuerit,
615 741 667 800 sed
687 741 775 798 etiam
788 742 895 800 sororis
908 740 1002 800 filium
1015 753 1045 800 et
1067 742 1106 809 Q.

189 825 367 884 Ciceronem
387 841 425 882 ex
449 820 577 898 Pompeii
599 821 702 880 cestris
716 822 903 880 concesserit.
944 821 994 880 Sic
1009 831 1108 880 vetere

189 905 324 962 instituto
337 903 405 962 vitm
418 899 520 978 effugit
534 917 609 958 nove
623 899 764 976 pericula.

231 981 316 1042 VIII.
354 981 496 1039 Secutum
524 989 568 1037 est
592 978 674 1036 illud.
729 977 836 1038 Occiso
862 979 988 1050 Caesnre,
1016 999 1108 1056 quum
1129 985 1144 1040 l

190 1061 360 1138 respublica
368 1078 457 1137 penes
467 1058 573 1118 Brutos
582 1057 729 1118 videretur
734 1077 798 1117 esse
807 1069 836 1118 et
849 1058 994 1129 Cassium,
1003 1079 1038 1118 ac
1047 1069 1106 1118 tota

191 1142 297 1198 civitas
318 1159 350 1198 se
365 1139 402 1198 ed
416 1157 466 1197 eos
479 1139 655 1196 convertisse
677 1137 870 1215 [videretur]:
891 1139 935 1198 sIc
958 1139 999 1196 Μ.
1015 1139 1107 1198 Bruto
1127 1143 1147 1197 2

192 1237 266 1278 usus
289 1229 343 1290 est,
365 1228 398 1276 ut
421 1217 504 1276 nullo
528 1217 579 1276 ille
602 1216 769 1276 adolescens
792 1218 899 1294 aequeli
923 1217 1106 1285 familarius,

191 1317 284 1374 quam
305 1298 360 1356 hoc
383 1316 462 1367 sene,
486 1315 582 1372 neque
604 1296 698 1356 solum
723 1315 791 1354 eum
813 1298 973 1375 priucipem
993 1298 1106 1358 consilii

194 1377 326 1446 heberet,
347 1376 398 1436 sed
420 1376 509 1435 etiam
534 1376 565 1432 in
590 1376 738 1434 convictu.
789 1375 996 1454 Excogitatum
1020 1389 1064 1436 est
1089 1379 1146 1434 ait

195 1456 379 1531 quibusdam,
388 1465 419 1514 ut
433 1456 578 1532 privatum
589 1455 726 1514 aererium
735 1454 861 1513 Ceseris
874 1454 1107 1514 interfectoribus

199 1534 238 1592 sb
261 1534 404 1610 equitibus
426 1534 567 1592 Romanis
590 1534 824 1592 constitueretur.
866 1533 898 1592 Id
923 1533 1011 1592 secile
1030 1534 1107 1594 effici

196 1631 283 1690 posse
295 1613 420 1673 arbitrati
430 1624 506 1684 sunt,
517 1613 543 1670 si
553 1622 583 1672 et
597 1614 744 1690 principes
753 1612 835 1670 illius
844 1611 953 1670 ordinis
967 1615 1107 1690 pecunias

194 1691 394 1752 eontulissent.
435 1691 537 1770 ltaque
557 1692 721 1769 appellatus
733 1701 778 1750 est
803 1711 821 1750 a
844 1691 879 1750 C.
895 1691 1008 1764 Flavio,
1022 1692 1107 1752 Bruti

193 1769 343 1842 familiam,
358 1773 485 1841 AttIcus,
501 1782 533 1830 ut
552 1771 617 1848 ejus
631 1771 675 1830 rei
696 1772 831 1850 princeps
845 1789 908 1830 esse
923 1771 1022 1832 vellet.
1064 1773 1106 1832 At
1127 1776 1146 1828 4

191 1850 253 1920 ille,
267 1851 319 1927 qui
333 1851 430 1910 officie
444 1851 547 1910 amicis
567 1851 730 1928 prestanda
744 1851 806 1910 sine
821 1849 945 1910 sectione
958 1852 1106 1910 existime-

191 1939 245 1999 ret,
259 1949 432 2007 semperque
447 1950 465 1989 n
483 1931 591 1989 talibus
604 1949 637 1990 se
650 1931 779 1990 consiliis
799 1931 975 2002 removisset,
991 1949 1105 2009 respon-

191 2008 249 2068 dit:
277 2010 304 2068 si
326 2010 397 2088 quid
418 2009 529 2068 Brutus
547 2009 583 2068 de
597 2011 660 2068 suis
682 2009 870 2069 facultatibus
892 2012 935 2070 uti
957 2011 1105 2080 voluisset,

194 2107 329 2159 usurum,
343 2098 487 2166 quantum
508 2089 554 2148 boe
576 2099 761 2166 peterentur3
783 2109 815 2148 se
836 2108 932 2167 neque
946 2109 1015 2150 cum
1035 2109 1105 2167 quo-

192 2187 282 2244 quam
296 2168 333 2226 do
347 2187 384 2226 ea
398 2185 431 2228 re
445 2168 668 2240 collocuturum,
683 2187 778 2245 neque
792 2169 948 2228 coiturum.
990 2169 1041 2228 sio
1054 2169 1106 2228 ille

193 2248 390 2306 consensionis
413 2246 518 2324 globus
538 2247 628 2324 hujus
651 2248 738 2306 unius
765 2248 941 2306 dIssensione
968 2248 1107 2324 disjectus

192 2337 246 2385 est.
288 2325 396 2403 Neque
410 2326 502 2384 multo
526 2337 588 2404 post
609 2328 743 2404 superior
756 2346 820 2384 esse
841 2327 931 2402 coepit
952 2327 1106 2395 Antonius,
1127 2327 1146 2383 5

192 2407 234 2464 itn
255 2415 288 2464 ut
308 2405 420 2464 Brutus
443 2415 473 2464 et
493 2405 623 2474 Cassius,
639 2406 945 2483 provinciarumque
967 2405 1002 2462 iis
1027 2405 1108 2462 neeis

192 2503 285 2544 cause
298 2484 373 2544 datm
387 2494 471 2560 erent
484 2502 503 2542 a
516 2485 696 2555 oonsulibus,
710 2483 870 2560 desperatis
891 2483 987 2552 rebus,
1009 2483 1039 2540 in
1058 2501 1105 2541 ex-

192 2564 293 2623 silium
315 2564 578 2641 profioiscerentur.
620 2565 749 2634 Atticus,
769 2563 821 2638 qui
843 2562 998 2640 pecuniam
1019 2561 1106 2620 simul
1127 2565 1146 2618 6

192 2661 264 2701 cum
277 2645 384 2704 ceteris
396 2641 530 2702 conferre
548 2643 682 2702 noluerat
702 2643 815 2702 florenti
828 2642 872 2700 illi
894 2641 978 2718 perti,
993 2641 1106 2718 abjecto

191 2721 285 2782 Bruto
310 2721 454 2799 Itelieque
476 2721 590 2782 cedenti
617 2721 706 2782 LLS.
729 2732 846 2780 centum
874 2721 968 2780 millie
991 2721 1107 2780 muneri

192 2802 282 2860 misit.
331 2801 438 2861 Eidem
460 2803 499 2870 in,
515 2801 607 2878 EpIro
629 2802 732 2860 absens
755 2810 887 2860 trecento
910 2801 997 2878 jussit
1018 2800 1103 2874 dari;

192 2899 289 2957 neque
302 2899 337 2940 eo
350 2881 444 2958 magis
458 2881 565 2958 potenti
579 2881 716 2940 adulatus
730 2889 773 2940 est
784 2880 919 2952 Antonio,
934 2899 1029 2958 neque
1043 2880 1105 2940 des·

193 2970 308 3036 peretos
321 2960 449 3036 reliquit.

232 3038 287 3098 IX.
308 3038 451 3098 Secutum
465 3048 510 3098 est
531 3039 640 3098 bellum
655 3049 770 3116 gestum
784 3038 861 3116 apud
876 3038 1030 3098 Mutinam.
1071 3037 1104 3098 In
1128 3043 1143 3097 l

191 3137 251 3194 quo
263 3119 289 3177 si
310 3127 423 3176 tentum
437 3136 505 3177 eum
527 3119 699 3196 prudentem
714 3119 819 3190 dIcem,
834 3119 939 3188 miuus,
954 3137 1043 3194 quem
1057 3117 1105 3176 de·

193 3197 288 3268 beem
307 3197 473 3274 predicem,
488 3215 580 3274 quum
594 3198 644 3256 ille
659 3198 753 3275 potius
766 3197 883 3256 divinus
898 3196 1003 3256 fuerit:
1023 3198 1050 3256 si
1063 3197 1105 3256 di-

193 3277 301 3335 vinetio
314 3276 490 3354 appellanda
510 3287 555 3336 eet
579 3287 718 3354 perpetue
738 3277 882 3336 naturalis
903 3277 1024 3348 bonitas,
1039 3295 1106 3352 quae

191 3355 282 3414 nullis
303 3356 421 3414 ossibus
442 3374 537 3432 noque
560 3357 667 3432 agitur,
690 3374 786 3432 neque
813 3356 965 3414 minuitur.
1006 3355 1106 3414 Hostis
1125 3361 1143 3414 2

195 3434 340 3494 Antonius
363 3434 514 3511 judicatus
541 3433 626 3494 Italia
653 3445 801 3507 cesserat;
840 3455 907 3512 spes
935 3433 1105 3495 restituendi

191 3512 277 3579 nulle
298 3523 372 3572 erat.
414 3513 482 3572 Non
497 3513 591 3572 solnm
606 3513 699 3592 [ejus]
720 3514 840 3583 inimici,
863 3514 914 3590 qui
937 3523 999 3571 tum
1022 3521 1106 3570 erent

191 3593 384 3668 potentissimi
399 3602 428 3652 et
452 3592 580 3670 plurimi,
595 3593 646 3651 sed
666 3595 764 3665 etiam,
778 3594 829 3670 qui
854 3591 1029 3650 adversariis
1043 3588 1107 3664 ejus

189 3689 223 3729 se
237 3670 356 3743 dabant,
371 3681 401 3732 et
422 3672 453 3730 in
467 3691 501 3730 eo
523 3671 652 3731 laedeodo
673 3673 802 3748 aliquam
815 3679 1025 3731 consecuturos
1045 3667 1106 3746 [ss]

190 3751 348 3828 sperabant
361 3750 649 3822 commendationem,
665 3751 784 3810 Antonii
800 3748 960 3810 fomssinres
973 3747 1105 3822 inseque.

651 3830 686 3887 9*
