2680 4304
297 351 409 420 XXV.
454 361 568 431 11,12.
611 354 663 440 (Τ.
679 355 877 442 Pomponius
891 357 1040 443 Atticus.)
1065 367 1126 430 10!

208 505 246 566 de
265 495 496 586 proscriptorum
509 525 631 568 numero
650 528 805 570 exemisse.
849 512 905 581 Ao,
918 529 957 572 ne
970 511 1047 590 quod
1066 513 1127 608 [in]

207 585 377 667 perieulum
398 587 549 658 incideret,
572 587 649 665 quod
673 598 761 650 noetu
784 589 881 662 fiebat,
907 591 1074 668 presidium
1098 609 1127 652 er

206 665 298 724 misit.
329 663 382 724 Sin
396 665 516 725 Atticus
528 668 559 724 in
574 686 688 726 summo
699 668 801 728 timore
814 687 871 728 non
886 669 981 728 solum
994 671 1059 742 sibi,
1073 671 1124 732 sed
1146 675 1163 730 i

205 743 297 804 etism
311 745 349 815 ei,
364 763 454 821 quern
468 745 654 806 carissimum
668 747 802 818 habebat,
818 747 950 825 praesidio
964 747 1029 808 fuit.
1064 749 1125 810 Ne·

204 841 265 899 que
280 824 361 882 euim
377 841 439 881 sue
453 823 547 882 solum
561 843 580 883 e
592 843 740 902 quoquam
761 827 904 884 auxilium
918 829 999 904 petiit
1012 828 1123 898 selutia,

204 901 258 960 sed
273 902 472 978 conjunctim:
494 913 526 962 ut
540 913 701 980 appareret,
716 903 829 962 nullem
842 915 1005 981 sejunctam
1018 907 1072 965 sibi
1087 908 1124 966 ab

204 997 242 1038 eo
252 980 330 1040 velie
345 980 501 1042 fortunam.
544 981 669 1047 Quodsi
683 983 860 1060 gubernator
874 984 1022 1061 praecipua
1036 983 1122 1046 leude
1143 991 1162 1046 6

205 1058 311 1130 fertur,
326 1059 379 1135 qui
401 1078 509 1118 navem
524 1079 561 1118 ex
586 1061 682 1120 lrieme
697 1062 829 1138 marique
840 1062 990 1139 scopuloso
1008 1074 1121 1122 servat:

205 1156 263 1200 our
284 1157 343 1198 non
365 1138 528 1216 singularis
550 1139 615 1216 ejus
638 1140 819 1198 existimetur
840 1140 1000 1218 prudentia,
1014 1142 1065 1218 qui
1085 1161 1122 1202 ex

205 1225 246 1276 tot
260 1226 379 1354 tamqqe
390 1218 533 1294 gravibus
546 1217 682 1295 prooellis
695 1219 831 1278 civilibus
844 1219 880 1278 ad
894 1219 1122 1280 incolumitatem

245 1297 340 1354 rvenit

206 1315 304 1434 peXl.
325 1374 440 1441 Quibus
454 1393 491 1434 ex
506 1375 591 1434 melis
606 1385 637 1434 ut
646 1395 682 1434 se
696 1386 862 1448 emerserat,
871 1376 943 1436 nihil
958 1375 1038 1434 aliud
1051 1379 1120 1456 egit,
1143 1384 1158 1438 1

209 1471 302 1528 quam
325 1463 358 1512 ut
380 1454 521 1531 plurimis,
536 1455 643 1531 quibus
668 1454 755 1514 rebus
778 1465 880 1531 posset,
901 1465 977 1514 esset
1001 1457 1120 1516 auxilio.

211 1531 317 1596 Quum
331 1533 498 1609 proscriptos
512 1533 638 1611 premiis
658 1533 863 1610 imperatorum
884 1533 992 1610 vulgus
1005 1535 1121 1610 conqui-

211 1619 299 1682 reret,
314 1628 398 1668 nemo
410 1611 439 1668 in
453 1611 577 1689 Epirum
591 1613 680 1682 venit,
695 1611 745 1670 nui
764 1629 812 1670 res
826 1609 888 1670 ulla
905 1609 1049 1685 defuerit;
1072 1631 1121 1671 ne·

208 1689 283 1746 mini
296 1707 353 1746 non
365 1689 406 1747 ibi
418 1701 558 1768 perpetuo
572 1690 709 1749 manendi
728 1699 852 1767 potestas
872 1689 951 1748 iente
965 1697 1019 1748 est.
1060 1689 1122 1758 Qui
1141 1696 1161 1751 Β

206 1767 296 1826 etiam
309 1777 373 1846 poet
396 1769 535 1846 proelium
556 1769 652 1846 Philip
690 1788 741 1827 nse
755 1769 959 1846 interitumque
973 1768 1008 1830 G.
1023 1767 1118 1830 Cassii

202 1856 235 1906 et
258 1845 302 1906 lt.
324 1847 410 1906 Bruti
431 1846 469 1906 L.
490 1848 603 1906 lulium
627 1789 786 1918 lsseeillem,
810 1849 985 1924 pretorium,
1006 1857 1035 1907 et
1055 1847 1120 1926 ejus

204 1925 309 1996 filium,
324 1927 499 2003 Aulumque
522 1927 713 2004 Torquatum,
728 1939 897 2004 eeterosque
919 1928 983 2005 pnri
1005 1927 1120 1988 fortuna

205 2004 364 2081 perculsos,
390 2006 546 2066 instituerit
569 2005 657 2076 tueri,
680 2015 767 2082 etque
791 2025 828 2064 ex
853 2005 943 2083 Epiro
964 2007 1010 2066 hi
1022 2007 1121 2066 omnia

190 2083 440 2149 ,Samothraciam
460 2085 623 2162 supportari
636 2085 767 2162 jusserit.
809 2083 935 2144 Difficile
956 2094 1008 2156 eet,
1022 2086 1159 2178 omnie3

205 2163 1119 2319 tlttlrrttffttnntttltqll”institituit

204 2321 344 2380 callidam
360 2320 462 2380 fuisse.
503 2321 587 2381 Idex
608 2321 678 2399 ipsis
692 2321 780 2390 rebus
801 2339 838 2378 ee
851 2321 1027 2396 temporibus
1042 2319 1118 2394 judi·
1139 2324 1158 2378 4

205 2402 270 2458 eeri
284 2409 386 2478 potest,
396 2399 474 2477 quod
488 2419 544 2460 non
559 2400 727 2460 florentibus
739 2419 772 2458 se
787 2397 953 2467 venditavit,
968 2397 1019 2454 sed
1030 2396 1119 2456 efflic-

205 2480 243 2537 tr's
255 2497 374 2556 semper
386 2481 551 2538 succurrit:
572 2477 755 2556 quiquidem
773 2476 938 2545 Serviliam,
953 2474 1037 2533 Bruti
1058 2491 1119 2532 ma·

205 2567 289 2630 uem,
304 2577 363 2616 non
377 2559 474 2618 minus
494 2569 556 2636 post
572 2568 693 2617 mortem
707 2557 780 2633 ejus,
795 2572 884 2632 quam
898 2555 1026 2623 florente,
1040 2551 1119 2611 eolu-

206 2638 272 2696 erit.
313 2637 366 2695 Sin
391 2637 565 2696 liberalitate
589 2647 675 2696 utens
697 2635 794 2694 nullas
821 2633 986 2691 inimicitias
1011 2631 1159 2708 gessitzb

206 2715 284 2792 quod
297 2734 394 2792 neque
409 2715 531 2774 loedebat
550 2733 737 2792 quemquam,
752 2731 857 2790 neque,
872 2712 897 2770 si
915 2729 1004 2788 quam
1018 2710 1118 2786 injuri-

207 2814 257 2852 am
281 2803 446 2872 eeeeperet,
462 2795 590 2854 malebat
615 2793 728 2864 uloisei,
743 2810 832 2870 quem
856 2791 997 2848 oblivisci.
1037 2789 1126 2848 ldem'

207 2873 365 2932 immortali
387 2873 528 2932 memorie
551 2882 688 2952 percepta
708 2870 850 2929 retinebet
870 2869 1030 2941 benefieia3
1052 2887 1119 2946 queo

207 2965 307 3012 nutem
320 2953 383 3030 ipse
396 2953 546 3024 tribuerat,
558 2951 669 3012 tamdiu
683 2951 863 3018 meminerat,
877 2948 972 3024 quoad
986 2948 1036 3006 ille
1049 2967 1116 3025 gra·

206 3041 255 3090 tus
268 3042 341 3103 erat,
352 3032 403 3110 qui
418 3041 581 3108 aooeperet.
608 3030 708 3106 Itaque
723 3029 771 3087 hio
786 3026 861 3097 feeit,
877 3037 908 3086 ut
923 3045 992 3085 vere
1006 3027 1118 3085 dietum
1138 3029 1157 3084 0

207 3109 358 3170 videatur:
389 3109 445 3168 Sui
462 3113 560 3186 cuique
581 3127 672 3170 mores
685 3108 802 3188 fingam
811 3104 971 3185 fortunam.
1012 3104 1118 3182 Neque

207 3199 305 3248 taurea
319 3189 400 3267 prius
415 3190 465 3248 ille
480 3188 634 3258 fortunam,
649 3205 738 3263 quam
752 3185 868 3262 seipse,
884 3184 984 3242 finxit:
1004 3185 1055 3260 qui
1069 3202 1117 3243 oa·

207 3269 259 3338 vit,
274 3286 311 3327 ne
325 3287 385 3345 qua
398 3268 429 3326 in
443 3286 475 3328 re
486 3269 554 3344 jure
569 3267 753 3344 plecteretur.

248 3345 317 3406 ΧΠ.
338 3347 395 3406 His
409 3347 500 3426 igitur
514 3346 601 3406 rebus
614 3344 719 3414 effecit,
734 3352 766 3402 ut
780 3341 822 3400 M.
838 3341 997 3418 Vipsanius
1011 3339 1117 3419 Agrip-
1140 3346 1154 3399 1

207 3443 255 3502 pa,
269 3425 373 3484 intima
393 3423 588 3484 familiaritate
602 3422 777 3500 eonjunotua
800 3418 975 3480 adolescenti
998 3419 1118 3489 Ceseri,

206 3497 1121 3658 tttrtttttt⁰ttttttttit⁸institituit

207 3657 314 3740 ligaret
327 3661 505 3732 affinitatem,
519 3668 745 3738 preopteretque
767 3619 873 3734 equitis
886 3653 1011 3712 Romani
1028 3651 1120 3746 filiam

206 3759 419 3819 generosarum
432 3741 551 3819 nuptiis.
593 3739 692 3816 Atque
713 3736 820 3796 harum
840 3731 1007 3809 nuptiarum
1026 3747 1120 3790 coner.
1140 3735 1158 3790 2

860 4059 876 4098 s
