2692 4306
479 359 552 424 vu.
598 360 813 442 (rmum.)
1052 367 1094 428 au

190 509 284 569 oratio
304 507 414 568 indicio
434 508 495 578 suit,
509 526 570 583 que
590 519 655 584 post
674 517 794 566 mortem
813 509 845 568 in
866 507 950 566 domo
971 509 1035 586 ejus
1054 528 1097 568 re·

188 599 275 665 perta
290 597 344 657 est,
358 587 459 661 inqua
478 587 581 644 suadet
595 586 832 658 Lacedaemoniis,
845 598 885 658 ut,
901 587 983 663 regia
1002 599 1099 664 potes·

188 678 252 724 tate
267 667 416 734 dissoluta,
431 684 470 724 ex
482 666 613 723 omnibus
628 665 687 723 dux
707 665 847 742 deligatur
867 666 904 724 sd
922 667 1029 724 bellum
1049 687 1099 743 ge·

188 746 334 814 rendum
356 744 410 802 sed
423 744 463 800 ita
477 744 593 821 scripta,
607 755 638 802 nt
651 744 769 802 deorum
781 745 926 804 uideretur
940 764 1097 821 congruere

189 825 354 894 sententiae,
368 841 453 898 quam
473 823 522 880 ille
541 842 574 880 ee
593 821 762 893 habiturum,
775 825 900 900 pecunia
919 824 1021 894 fidens,
1041 843 1098 883 nou

189 903 350 961 dubitabat.
399 901 486 958 Hanc
510 901 539 959 ei
561 902 715 978 scripsisse
738 903 831 961 Cleon
853 903 1098 962 Halicarnasseus

188 982 309 1039 dicitur.
590 1021 593 1026 -

233 1060 291 1118 IV.
313 1059 408 1133 Atque
430 1057 487 1116 hoc
510 1059 575 1118 loco
596 1077 654 1118 non
676 1070 721 1118 est
741 1059 968 1136 pratereundum
990 1060 1099 1120 Iactum
1121 1065 1133 1120 l

190 1138 388 1208 Pharnabazi,
403 1138 526 1214 satripis
540 1139 622 1214 regii.
663 1139 693 1196 N
695 1158 742 1196 am
755 1158 841 1214 quum
856 1139 1008 1215 Lysander
1027 1159 1098 1216 prae·

190 1217 289 1275 fectus
304 1217 411 1274 classis
425 1218 454 1274 in
469 1218 545 1275 bello
555 1218 644 1276 multa
655 1218 808 1276 crudeliter
819 1237 958 1293 avareque
969 1218 1098 1289 fecisset,

192 1295 289 1371 deque
303 1296 350 1354 his
363 1297 450 1354 rebus
464 1297 658 1372 suspicaretur
675 1297 712 1354 ad
729 1297 809 1356 cives
830 1315 898 1356 suos
918 1317 986 1356 esse
1007 1298 1099 1373 perla-

192 1385 266 1445 tum,
279 1375 360 1451 petiit
371 1393 388 1432 a
401 1374 597 1446 Pharnabazo,
610 1386 642 1434 nt
656 1375 693 1434 ad
704 1375 827 1452 ephoros
838 1377 894 1434 sibi
907 1377 1100 1435 testimonium

195 1453 291 1522 daret,
303 1465 405 1528 quanta
418 1454 571 1512 sanctitate
585 1455 692 1512 bellurn
706 1455 848 1530 gessisset
861 1455 1013 1528 sociosque
1027 1466 1100 1512 trac·

195 1542 300 1602 tasset,
314 1532 403 1606 deque
425 1551 462 1590 ea
480 1551 512 1589 re
533 1545 667 1590 accurate
689 1534 847 1590 scriberet:
870 1551 1003 1607 magnam
1024 1533 1101 1590 enirn

195 1611 264 1687 ejus
278 1611 472 1668 auctoritatem
486 1611 517 1669 in
529 1630 565 1668 ea
580 1630 611 1668 re
622 1611 753 1670 suturam.
795 1610 874 1668 Huic
885 1611 935 1668 ille
945 1611 1101 1670 liberaliter
1119 1615 1138 1669 2

191 1690 366 1766 pollicetur;
387 1690 490 1748 librum
504 1709 622 1765 gravem
640 1691 735 1748 multis
754 1690 849 1748 verbIs
870 1689 1050 1765 conscripsit,
1070 1691 1100 1748 in

191 1787 253 1844 quo
267 1769 385 1826 summis
406 1787 474 1826 eum
495 1769 551 1826 fert
571 1769 713 1827 laudibus.
756 1769 851 1836 Quem
872 1787 958 1843 quum
979 1767 1101 1844 degisset

190 1849 411 1923 probassetque,
432 1847 499 1905 dum
520 1848 656 1924 signatur,
677 1849 794 1906 alterum
813 1848 875 1924 pari
895 1847 1099 1924 magnitudine,

193 1927 290 2004 [tanta
315 1925 524 2002 similitudine]
546 1937 577 1984 nt
598 1927 724 1986 discerni
745 1945 804 1986 non
827 1937 934 2004 posset,
958 1927 1100 2002 signatum

191 2005 329 2081 subjecit,
338 2005 368 2062 in
376 2024 431 2080 quo
441 2005 657 2064 accuratissime
668 2008 729 2082 ejus
739 2005 884 2064 evantium
895 2006 1099 2081 perfidiamque

192 2095 356 2142 accusarat.
398 2084 477 2141 Hinc
490 2084 641 2160 Lysander
654 2085 767 2143 domum
781 2104 866 2160 quum
879 2084 1012 2153 redisset,
1024 2093 1100 2159 post·
1121 2085 1139 2140 3

191 2163 332 2238 quamde
348 2163 409 2220 suis
422 2164 508 2220 rebus
522 2163 612 2238 gestis
627 2164 701 2240 apud
721 2165 876 2222 maximum
895 2163 1100 2238 magistratum,

191 2260 260 2317 quoe
273 2241 409 2312 voluerat,
423 2241 543 2312 dixerat,
557 2243 712 2300 testimonii
730 2243 796 2299 loco
813 2242 916 2298 librum
935 2261 952 2297 a
971 2240 1102 2299 Pharna·

192 2321 271 2380 bazo
291 2319 387 2378 datum
407 2321 529 2378 tradidit.
573 2320 670 2391 Hunc,
685 2331 824 2378 summoto
841 2319 1002 2394 Lysandro,
1016 2335 1102 2392 quum

193 2397 300 2475 ephori
324 2409 507 2475 cognossent,
531 2399 588 2474 ipsi
612 2399 767 2475 legendum
791 2397 939 2455 dederunt.
981 2396 1027 2454 Ita
1050 2395 1101 2454 ille

193 2477 365 2554 imprudens
378 2478 442 2556 ipse
458 2497 527 2536 sutus
542 2477 595 2536 suit
608 2487 770 2536 accusator.

380 2789 489 2867 VII.
540 2787 965 2864 ALCIBIADES.

513 3049 828 3111 ARGUMENTUM.

203 3186 299 3246 GAP.
314 3187 341 3246 I.
362 3187 513 3246 Euccllcns
532 3189 563 3244 in
582 3185 732 3243 uirtutibus
751 3195 778 3242 et
791 3186 878 3242 vitiis.
919 3183 964 3242 II.
984 3183 1103 3242 quenis

238 3266 363 3324 educatio
376 3277 403 3323 et
416 3285 514 3322 morea
556 3263 618 3322 III.
640 3263 707 3321 Dus
721 3274 816 3322 contra
832 3262 1037 3340 Syracusanos.
1065 3262 1103 3321 In

238 3340 1103 3500 {litttmat'ttittttttllillnlltt‘tttt

234 3504 359 3581 patriam
383 3503 465 3578 capit.
519 3501 554 3558 V.
588 3499 804 3556 Lucedemcniia
829 3509 974 3576 suspectus
999 3499 1102 3554 transit

238 3579 277 3636 ed
289 3580 418 3648 Perscs;
439 3579 656 3638 Atheniensibus
669 3579 870 3635 reconcilietur.
915 3575 967 3632 VI.
989 3574 1103 3650 Insigni

238 3659 339 3716 ciuium
349 3657 532 3716 benevolentia
542 3659 682 3734 recipitur.
716 3655 786 3714 VII.
802 3655 839 3712 In
849 3654 983 3712 invidiam
995 3653 1102 3710 recidit.

241 3735 277 3796 In
293 3736 416 3795 Thracio
430 3755 562 3814 prospere
578 3745 697 3868 puggtpt.
750 3731 839 3791 VIII.
865 3731 983 3788 Civibus
996 3731 1104 3788 Atticis
