2680 4304
389 385 512 450 xvnr.
556 395 587 453 2.
629 385 826 470 (names.)
1019 397 1060 454 ra

150 541 295 611 metimur,
310 559 368 599 non
382 538 508 599 fortuna.
549 539 629 598 Nam
643 559 735 617 quum
748 551 818 600 aetas
832 542 898 617 ejus
911 543 1061 602 incidisset
1081 548 1100 602 2

149 621 225 681 inea
246 629 391 696 tempore,
405 619 513 696 quibus
534 617 709 678 Macedones
729 621 872 688 florerent,
887 621 1013 680 multum
1033 621 1062 680 ei

147 699 271 757 detraxit
293 699 371 756 inter
395 698 446 756 hos
460 698 579 768 viventi,
601 697 677 773 quod
700 699 804 756 alienae
827 709 891 757 erat
912 700 1059 774 civitatis;

40 817 48 830 .
146 796 240 854 neque
255 776 338 835 aliud
360 777 431 834 huie
451 775 561 848 defuit3
584 795 673 853 quarn
693 796 835 854 generosa
857 779 954 856 stirps.
995 779 1099 882 Εἰσί)

144 856 193 914 ille
217 856 380 915 domestico
393 873 508 913 summo
527 873 635 931 genere
660 866 738 914 erat:
762 865 860 914 tamea
886 856 1061 916 Macedones

144 952 212 992 enm
236 935 296 992 sibi
319 933 477 1010 aliqnando
501 934 634 1010 anteponi
654 935 772 1012 indigne
794 933 942 1008 serebant3
964 955 1059 1014 aeque

144 1022 242 1072 temen
268 1031 327 1070 non
351 1012 546 1088 patiebantur.
587 1011 731 1070 Vincebat
755 1014 833 1070 enim
856 1033 957 1072 omnes
977 1034 1059 1086 cure,

144 1092 307 1169 vigilantia,
323 1091 471 1167 patientia,
486 1089 645 1148 calliditate
658 1092 843 1150 eteeleritate
857 1093 978 1170 ingenii.
999 1093 1059 1154 Hic
1079 1099 1098 1153 t

144 1169 436 1246 peradolescentnlus
447 1169 483 1226 ad
493 1170 650 1226 amicitiam
662 1171 785 1228 accessit
799 1170 932 1249 Philippi,
945 1173 1058 1248 Amyn.

143 1259 180 1306 te
194 1249 259 1320 filii,
277 1249 417 1323 brevique
432 1257 560 1323 tempore
574 1249 605 1304 in
618 1249 749 1305 intimam
765 1251 896 1324 pervenit
911 1249 1058 1309 familiari·

110 1321 121 1334 “
144 1337 245 1384 tatem.
299 1326 447 1402 Fulgebat
470 1327 551 1383 enim
570 1327 632 1402 jam
656 1327 686 1383 in
711 1327 927 1386 adolescentulo
949 1329 1059 1388 indoles

144 1407 275 1464 virtutis.
315 1404 416 1482 ltaque
440 1423 509 1462 eum
534 1405 634 1462 habuit
652 1403 689 1462 ad
713 1423 832 1462 manum
853 1408 957 1464 scribae
979 1407 1058 1466 loco:
1080 1411 1099 1462 5

148 1484 228 1558 qnod
242 1483 331 1542 multo
345 1482 419 1558 apud
441 1482 546 1540 Graios
566 1484 801 1540 honorificentius
815 1493 867 1554 est,
880 1504 970 1560 quam
984 1486 1061 1561 apud

150 1561 311 1619 Romanoa.
350 1561 427 1618 Nam
439 1561 517 1637 apud
531 1579 592 1632 nos,
608 1579 711 1619 revera
725 1561 801 1619 sieut
821 1573 897 1631 sunt,
912 1581 1059 1620 mercena-

150 1641 187 1696 rii
201 1641 308 1698 scribae
320 1641 538 1712 existimantur;
562 1651 590 1697 at
608 1641 685 1715 apud
706 1639 802 1698 illese
816 1641 961 1698 contrario
974 1659 1059 1700 nemo

147 1717 228 1776 adid
242 1718 370 1776 officinm
384 1718 552 1788 admittitur,
567 1719 624 1776 nisi
637 1719 755 1776 honesto
769 1717 841 1788 loco,
856 1728 885 1776 et
902 1719 959 1778 fide
972 1729 1001 1778 et
1013 1719 1056 1776 in-

143 1797 259 1856 dustria
272 1799 406 1875 cognita:
427 1796 504 1873 quod
528 1815 648 1856 necesse
663 1806 707 1854 est
729 1798 859 1854 omnium
872 1799 1057 1856 consiliorum

144 1894 209 1934 eum
225 1896 293 1934 esse
307 1877 489 1952 participem.
519 1874 610 1932 Hune
624 1875 722 1934 locum
732 1876 824 1934 tenuit
834 1877 969 1934 amicitiae
980 1877 1056 1954 apud
1078 1882 1097 1934 6

144 1953 311 2032 Philippum
327 1973 418 2012 annos
431 1964 551 2030 septem.
593 1951 647 2012 Illo
668 1953 829 2024 interfecto,
844 1955 944 2013 eodem
963 1956 1057 2034 gradu

144 2031 196 2092 suit
223 2033 306 2111 apud
336 2033 541 2090 Alexandrum
569 2051 659 2090 annos
686 2033 835 2091 tredecim.
890 2033 1058 2093 Novissime

143 2121 272 2190 tempore
286 2110 404 2189 praefnit
422 2111 510 2168 etiam
531 2109 631 2168 alterae
643 2113 774 2188 equitum
788 2112 853 2183 alae,
870 2132 937 2189 qnae
958 2113 1055 2172 Here

143 2191 202 2249 rice
223 2190 440 2267 appellabatur.
483 2188 607 2264 Utrique
629 2201 727 2248 autem
751 2190 782 2246 in
801 2193 922 2248 consilio
943 2209 1057 2268 semper

142 2269 237 2340 affuit,
253 2280 283 2326 et
296 2269 426 2326 omnium
441 2286 540 2326 rerum
557 2268 672 2326 habitus
686 2278 729 2326 est
743 2269 896 2344 particeps.

180 2348 218 2407 ll.
245 2347 418 2405 Alexandro
431 2345 583 2421 Babylone
596 2357 717 2416 mortuo,
726 2365 819 2422 quum
833 2365 924 2422 regna
934 2347 1057 2423 singulis
1079 2352 1094 2406 1

143 2423 341 2485 familiaribus
360 2425 590 2502 dispertirentur,
605 2434 633 2482 et
653 2443 769 2484 summa
783 2442 883 2480 rerum
897 2425 1001 2482 tradita
1014 2444 1057 2482 es·

142 2515 186 2564 aet
198 2503 313 2564 tuenda
327 2503 430 2575 eidem,
443 2504 493 2562 cui
507 2503 677 2562 Alexander
685 2504 811 2560 moriens
819 2501 962 2559 annulum
970 2521 1057 2560 suum

142 2583 274 2653 dederat,
302 2582 468 2641 Perdiccae:
500 2600 537 2638 ex
564 2599 622 2658 quo
648 2600 748 2640 omnes
771 2580 964 2656 conjecerant,
989 2586 1096 2640 eum2

143 2679 271 2739 regnum
285 2661 312 2719 ei
333 2660 558 2730 commendasse,
573 2659 666 2736 quoad
688 2660 773 2718 liberi
786 2659 850 2735 ejus
870 2659 901 2716 in
915 2679 998 2717 suam
1012 2670 1056 2717 tu-

143 2741 235 2798 telam
244 2740 459 2817 pervenissent:
475 2737 608 2818 (aberant
616 2740 694 2796 enim
704 2739 843 2798 Craterus
853 2747 882 2796 et
892 2739 1054 2816 Antipater,

143 2821 193 2896 qui
207 2819 382 2877 antecedere
397 2817 476 2876 hune
491 2815 679 2876 videbantur:
701 2827 830 2876 mortuus
844 2827 906 2875 erat
917 2816 1054 2895 Hephaes-

144 2899 191 2968 tio,
205 2916 298 2974 quem
317 2915 409 2955 unum
424 2893 601 2966 Alexander,
619 2895 695 2972 quod
711 2893 796 2954 facile
820 2896 943 2972 intelligi
951 2907 1054 2972 posset,

146 2977 267 3052 plurimi
282 2975 393 3034 fecerat
402 2975 427 3054 3)
442 2975 497 3034 hoc
518 2984 645 3049 tempore
659 2975 726 3032 data
739 2985 782 3032 est
802 2973 930 3032 Eumeni
943 2973 1054 3052 Cappa-

93 3111 108 3127 ,
145 3055 238 3125 docie,
256 3055 318 3112 sive
333 3056 427 3131 potius
446 3053 534 3112 dieta.
578 3053 609 3112 N
611 3073 657 3112 am
672 3063 734 3112 tum
748 3054 778 3110 in
792 3053 917 3111 hostium
931 3064 993 3111 erat
1007 3073 1054 3130 po

146 3141 258 3192 testate.
300 3132 391 3192 Hunc
405 3133 460 3190 sibi
474 3133 629 3192 Perdiccas
643 3133 814 3208 adjunxerat
832 3151 938 3209 magno
951 3131 1053 3202 studio,
1075 3137 1093 3190 3

147 3213 222 3286 quod
245 3213 276 3269 in
296 3212 411 3271 homine
428 3211 515 3270 fidem
529 3223 558 3270 et
578 3211 749 3270 industriam
771 3228 908 3288 magnam
923 3211 1053 3268 videbat:

148 3307 204 3349 non
218 3291 362 3362 dubitans,
377 3292 403 3348 si
426 3310 495 3348 eum
509 3290 682 3367 pellexisset,
704 3307 810 3366 magno
831 3290 897 3346 usui
922 3287 981 3347 sore
1000 3289 1055 3346 sibi

149 3368 178 3424 in
192 3369 237 3427 his
251 3370 348 3440 rebus,
363 3389 436 3446 quas
450 3370 617 3446 apparabat.
639 3368 792 3446 Cogitabat
802 3369 889 3436 enim,
903 3368 979 3444 quod
994 3367 1054 3426 sere

123 3458 134 3476 ·
149 3465 246 3506 omnes
260 3449 291 3506 in
305 3450 419 3524 magnis
435 3449 564 3523 imperiis
578 3447 794 3523 concupiscunt,
809 3447 938 3504 omnium
959 3457 1055 3523 partes

149 3527 294 3603 eorripere
316 3537 402 3602 atque
422 3525 585 3602 complecti.
626 3525 734 3602 Neque
748 3544 817 3582 vero
838 3525 893 3582 hoe
912 3525 962 3582 ille
976 3525 1054 3582 solus
1074 3530 1091 3582 4

151 3602 225 3674 lecit,
239 3605 290 3663 sed
312 3606 403 3662 ceteri
424 3624 539 3680 quoque
552 3623 661 3673 omnes,
676 3603 727 3680 qui
752 3603 915 3662 Alexandri
940 3601 1055 3659 fuerant

151 3683 246 3740 amici.
298 3683 414 3742 Primus
436 3683 604 3742 Leonnatus
628 3681 828 3740 Macedoniam
851 3695 1054 3756 preoccupare

153 3757 352 3820 destinaverat.
403 3761 463 3820 Hic
487 3761 585 3820 multis
612 3761 782 3838 magnisque
804 3755 1055 3834 pollicitationibus
