2692 4306
258 357 302 420 00
449 353 524 422 XV.
567 361 598 432 2,
612 361 643 420 3.
693 351 974 440 (Epaminondas.)

257 505 363 566 delere
377 509 605 584 pretermittere,
619 508 696 584 quod
717 507 861 584 pertineat
874 505 910 564 ad
932 525 998 564 eam
1017 505 1169 566 deelaran.

217 588 238 643 t
257 583 334 644 dam.
375 585 478 652 Quare
491 587 623 646 dicemus
636 588 763 664 primum
777 585 813 643 de
826 603 935 662 genere
948 585 1032 660 ejus3
1055 585 1171 656 deinde,

254 664 363 740 quibus
376 663 536 741 disciplinis
549 675 579 724 et
599 666 737 741 aquibus
751 666 788 722 sit
803 663 955 734 eruditus3
978 673 1041 721 tum
1059 663 1096 721 de
1110 683 1171 722 rcc-

257 743 337 800 ribus
355 743 523 822 ingeniique
545 743 741 811 facultatibus,
755 753 784 802 et
803 744 829 800 si
849 761 909 818 qua
922 742 982 800 alia
1001 742 1091 820 digna
1110 761 1170 800 me·

256 822 349 879 moria
362 832 449 880 erunt
457 842 466 895 ;
490 833 632 900 postrerm
646 823 682 880 de
696 823 784 880 rebus
803 822 902 899 gestis,
916 839 984 896 quae
997 840 1016 878 a
1035 821 1171 898 plurimis

256 900 387 958 omnium
401 911 615 978 anteponuntur
628 901 794 960 virtutibus.
1003 973 1006 979 Ι

218 979 235 1036 l
297 977 337 1036 ΙΙ.
358 978 456 1038 Natus
475 981 567 1058 igitur
579 990 670 1057 petre,
686 999 744 1056 quo
757 979 892 1049 diximus,
914 978 1033 1036 honesto
1051 995 1170 1056 genere,

256 1075 368 1133 pauper
384 1058 447 1134 jam
466 1078 485 1117 a
505 1059 664 1136 majoribus
684 1059 823 1130 relictus3
845 1057 977 1116 eruditus
997 1068 1096 1115 autem
1116 1058 1171 1128 sic,

257 1143 290 1192 ut
302 1153 388 1194 nemo
402 1136 562 1197 Thebanus
575 1138 680 1215 magis.
722 1137 802 1195 Nam
816 1145 845 1194 et
859 1136 1044 1207 citharizare,
1058 1145 1088 1194 et
1101 1153 1171 1194 can·

257 1222 320 1272 tare
341 1214 378 1272 ad
402 1216 578 1274 chordarum
600 1233 704 1274 sonum
725 1215 826 1275 doctus
846 1224 892 1274 est
911 1234 930 1272 a
953 1213 1104 1290 Dionysio,
1119 1213 1172 1296 qui

256 1308 315 1350 non
339 1293 450 1353 minore
475 1293 530 1353 suit
554 1296 585 1353 in
604 1295 724 1354 musicis
747 1294 851 1373 glorie,
873 1311 963 1369 quem
983 1291 1098 1350 Damon
1119 1301 1173 1351 aut

258 1367 414 1448 Lamprus,
436 1391 561 1450 quorum
581 1375 755 1452 pervulgata
768 1382 836 1432 sunt
849 1372 986 1443 nomiua;
1009 1371 1171 1450 [carmina]

258 1459 378 1508 cantare
402 1452 480 1511 tibiis
500 1453 537 1510 ab
564 1453 779 1530 Olympiodoro,
801 1451 908 1510 saltare
932 1470 951 1508 a
971 1450 1171 1528 Calliphrone.

219 1529 238 1583 2
259 1527 301 1585 At
315 1529 500 1607 philosophiae
511 1543 717 1609 preceptorem
730 1531 831 1589 habuit
839 1529 954 1606 Lysim,
965 1530 1171 1600 Tarentinum,

259 1605 490 1686 Pythagoreum:
512 1612 562 1670 cui
583 1611 700 1687 quidem
722 1611 765 1668 sic
790 1608 845 1668 suit
867 1609 990 1680 deditus,
1012 1619 1044 1666 ut
1061 1609 1171 1668 adoles-

259 1703 330 1744 cens
343 1688 453 1746 tristem
467 1697 496 1746 et
516 1709 652 1747 severum
671 1707 770 1747 senem
784 1689 918 1747 omnibus
933 1687 1096 1764 equalibus
1109 1688 1172 1747 suis

258 1763 289 1820 in
311 1763 507 1824 familiaritate
527 1768 729 1844 anteposuerit,
749 1785 844 1844 neque
858 1766 940 1844 prius
955 1786 1024 1825 eum
1044 1785 1063 1824 a
1082 1786 1114 1824 se
1129 1767 1171 1824 di·

259 1843 1173 2002 ...tetamentum

641 1967 648 1994 2

221 2004 240 2058 3
260 2000 291 2056 in
306 2000 412 2058 ceteris
430 2001 549 2060 artibus.
591 2003 690 2078 Atque
712 2004 775 2061 haec
789 2003 825 2060 ad
846 2013 974 2062 nostram
987 2003 1171 2062 consuetudi-

259 2095 328 2134 nem
341 2089 409 2136 sunt
431 2078 516 2149 levia,
538 2091 567 2138 et
590 2081 684 2158 potius
700 2082 929 2155 contemnenda;
953 2092 981 2141 at
1002 2083 1032 2140 in
1054 2082 1173 2141 Grecis

221 2161 241 2215 4
262 2157 362 2231 utique
384 2157 453 2214 olim
468 2177 593 2236 magnes
617 2159 698 2218 leudi
720 2171 813 2219 erant.
864 2161 1019 2238 Postquam
1041 2162 1173 2238 ephebus

261 2233 357 2292 fectus
378 2245 430 2306 est,
453 2247 482 2294 et
506 2239 648 2313 palaestrae
668 2239 738 2298 dare
762 2259 881 2317 operam
905 2241 1003 2317 coepit,
1026 2259 1083 2298 nou
1110 2251 1173 2299 tem

261 2314 453 2391 magnitudini
478 2317 584 2375 virium
606 2319 735 2389 servivit,
762 2337 852 2396 quarn
879 2319 1034 2378 velocitati.
1085 2318 1173 2377 Illam

261 2393 339 2449 enim
362 2393 397 2450 ad
420 2394 596 2454 athletarum
621 2415 717 2468 usum,
739 2398 816 2456 hanc
843 2398 878 2456 ad
898 2399 967 2456 belli
989 2399 1173 2456 existimabat

222 2472 414 2530 hutilitatem
442 2476 595 2550 pertinere.
659 2475 760 2552 ltaque
788 2477 979 2534 exercebatur
1008 2477 1169 2554 plurimum

261 2551 405 2609 currendo
425 2564 454 2610 et
477 2552 615 2612 luctando
629 2555 665 2613 ad
686 2575 754 2613 eum
768 2555 864 2626 finem,
882 2555 977 2634 quoad
997 2566 1077 2614 stans
1093 2575 1172 2613 com·

261 2629 348 2705 plecti
372 2641 466 2706 posset
489 2643 576 2709 atque
597 2634 779 2692 contendere.
836 2633 869 2692 ln
893 2635 982 2693 armis
1009 2635 1171 2712 plurimum

260 2707 348 2764 studii
362 2711 559 2769 consumebat.

223 2789 238 2843 l
300 2784 353 2843 llI.
376 2786 424 2844 Ad
436 2787 557 2848 beneco
609 2791 650 2850 ris
663 2791 829 2851 firmitatem
843 2792 1067 2870 plurimaetiam
1081 2794 1171 2852 animi

261 2863 335 2921 bona
349 2877 542 2925 accesserant.
604 2879 647 2927 rat
657 2871 735 2928 enim
746 2872 900 2942 modestus,
910 2872 1045 2948 prudens,
1060 2873 1171 2950 gravis,

260 2943 438 3018 temporibus
457 2945 602 3021 sapienter
622 2958 715 3020 utens,
738 2951 848 3026 peritus
869 2950 946 3020 belli,
969 2950 1050 3009 fortis
1070 2970 1170 3022 manu,

260 3021 357 3078 animo
370 3023 517 3097 maximo;
541 3024 612 3084 adeo
626 3028 755 3088 veritatis
775 3029 907 3108 diligens,
919 3038 952 3088 ut
965 3047 1002 3088 ue
1020 3029 1087 3106 joco
1106 3031 1170 3106 qui-

219 3103 239 3156 2
260 3099 325 3157 dem
339 3100 520 3160 mentiretur.
563 3102 643 3162 Idem
663 3109 823 3178 continens,
838 3108 976 3178 clemens,
998 3109 1170 3186 patiensque

260 3178 462 3238 admirandum
486 3181 516 3239 in
538 3182 664 3256 modum,
690 3204 746 3244 non
768 3187 862 3246 solum
883 3187 990 3265 populi,
1009 3187 1059 3246 sed
1081 3189 1170 3246 etiam

259 3257 420 3316 amicorum
443 3257 539 3320 ferens
560 3262 684 3340 injurias
695 3284 704 3336 ;
735 3266 925 3342 inprimisque
949 3267 1104 3325 commissa
1122 3286 1170 3324 ce·

258 3336 340 3394 lons:
361 3337 437 3412 quod
457 3339 602 3399 interdum
620 3361 676 3402 non
691 3344 788 3402 minus
808 3345 932 3422 prodest,
952 3364 1043 3422 quam
1064 3346 1170 3404 diserte

257 3414 375 3488 dicere;
398 3417 542 3477 studiosus
556 3421 709 3480 audiendi:
730 3442 767 3480 ex
781 3424 836 3481 hoc
849 3425 928 3482 enim
943 3424 1083 3482 facillime
1097 3425 1170 3483 disci

219 3496 237 3550 3
258 3494 464 3554 arbitrabatur.
517 3496 618 3574 ltaque
639 3520 732 3577 quum
755 3503 786 3560 in
806 3503 953 3562 circulum
978 3505 1115 3574 venisset,
1140 3505 1170 3561 in

258 3593 316 3649 quo
337 3582 388 3632 aut
407 3574 444 3634 de
465 3577 840 3658 republica-disputaretur,
862 3591 914 3641 out
934 3581 970 3640 de
991 3582 1170 3659 philosophia

257 3671 353 3711 sermo
373 3651 540 3726 haberetur,
561 3675 721 3734 numquam
736 3659 803 3718 inde
822 3660 903 3736 prius
923 3660 1064 3732 discessit,
1079 3679 1170 3738 quam

219 3730 237 3784 ⁴
258 3730 294 3788 ad
313 3731 401 3790 finem
421 3749 517 3792 sermo
534 3745 610 3794 esset
628 3737 781 3797 adductus.
824 3737 1027 3816 Paupertatem
1041 3740 1114 3797 adeo
1128 3739 1169 3797 sa·
