2692 4306
390 348 450 413 xr.
488 355 517 425 1,
539 354 569 410 2.
615 349 827 433 (prmus.)
1022 354 1066 416 sr

322 715 409 791 XI.
461 713 916 791 IPHICRATES.

459 1040 769 1100 ARGUMENTUM.

156 1159 262 1219 GAP.
276 1159 304 1218 I.
330 1158 489 1236 Disciplina
507 1157 623 1216 militari
642 1159 751 1216 nobilis.
792 1157 837 1218 II.
858 1159 935 1237 Ejus
957 1161 1052 1240 ctpsdr

194 1241 291 1297 timeas
299 1238 418 1296 bellice:
433 1237 471 1294 ad
482 1235 651 1305 cremium,
660 1238 794 1296 oduerm
805 1237 940 1311 Thracas,
948 1239 1064 1320 AEgyp-

190 1320 359 1473 &dedique
372 1313 512 1373 Arcadas.
548 1314 611 1373 III.
633 1313 784 1394 Iphicratis
793 1337 881 1376 atores
892 1321 1063 1397 rumoresque

202 1523 231 1581 Ι.
274 1522 439 1598 Iphicrites,
466 1521 667 1592 Atheniensis,
693 1541 752 1579 non
778 1533 837 1579 tarn
867 1525 1062 1599 magnitudine
1085 1531 1097 1584 l

157 1619 262 1659 rerum
275 1613 422 1677 gestarum,
437 1619 522 1676 quam
535 1599 691 1676 disciplina
703 1601 820 1658 militari
834 1601 998 1660 nobilitatus
1010 1614 1063 1660 est.

156 1681 231 1738 Fuit
247 1681 323 1736 enim
332 1678 398 1736 talis
412 1679 479 1748 dux,
490 1688 522 1735 ut
534 1695 592 1736 non
602 1679 696 1735 solum
710 1678 800 1736 atatis
815 1698 874 1736 suaa
885 1697 951 1736 curn
963 1680 1063 1758 primis

155 1768 382 1834 compararetur,
398 1757 452 1814 sed
471 1777 510 1814 ne
531 1757 567 1813 de
588 1757 744 1832 majoribus
763 1767 832 1814 natn
851 1757 967 1832 quidem
986 1760 1063 1834 quis-

153 1855 246 1912 quam
260 1845 491 1910 anteponeretur.
533 1835 655 1892 Multum
668 1854 739 1892 vero
759 1836 789 1893 in
809 1837 886 1894 bello
907 1847 953 1894 est
966 1857 1062 1896 versa·
1082 1845 1100 1897 2

154 1925 222 1985 tus;
257 1933 335 1990 sape
359 1914 533 1971 exercitibus
554 1913 682 1989 prefuit;
710 1933 849 1989 nusquam
870 1917 956 1991 culpa
981 1917 1059 1994 [sua]

153 1995 236 2051 male
259 2011 321 2050 rem
345 1992 454 2068 gessit;
476 2009 591 2068 semper
612 1992 734 2049 consilio
747 1993 825 2063 vicit,
839 2004 1003 2070 tentumque
1024 2013 1061 2052 eo

155 2071 261 2142 valuit,
288 2081 320 2128 ut
345 2071 434 2128 multa
460 2069 491 2127 in
511 2087 543 2127 re
563 2069 680 2128 militari
702 2071 805 2147 partim
827 2091 902 2130 nova
926 2073 1060 2144 attulerit,

155 2151 266 2226 partim
286 2147 409 2206 meliora
432 2147 544 2206 lecerit.
585 2149 716 2224 Namque
740 2149 791 2206 ille
812 2150 960 2226 pedestria
983 2171 1061 2209 arma
1081 2156 1099 2210 3

153 2229 288 2298 mutavit,
302 2245 388 2302 quum
402 2237 467 2284 ante
482 2225 563 2284 illum
575 2226 776 2304 imperatorem
788 2228 921 2286 maximis
936 2229 1060 2304 clypeis,

154 2306 298 2364 brevibus
319 2305 421 2375 hastis,
434 2304 551 2362 minutis
572 2306 676 2382 gladiis
696 2315 851 2362 uterentur.
891 2307 947 2364 llle
962 2326 979 2362 e
994 2311 1100 2366 con-l

154 2384 249 2442 trario
263 2385 370 2461 peltam
384 2401 435 2460 pro
455 2401 553 2460 parma
572 2383 643 2440 lecit
663 2384 694 2460 (a
706 2401 762 2458 quo
782 2393 884 2458 postea
905 2385 1062 2441 sensatae)

155 2463 277 2538 pedites
300 2463 500 2538 appellantur),
513 2472 544 2519 ut
564 2461 601 2518 ad
620 2471 713 2517 motus
731 2479 945 2534 concursusque
962 2471 1063 2519 essent

156 2541 299 2600 leviores.
340 2541 441 2598 Hastae
453 2541 569 2597 modum
589 2538 764 2614 duplicavit;
785 2539 896 2614 gladios
915 2537 1062 2614 longiores

157 2619 243 2678 lecit.
277 2619 360 2677 Idem
372 2637 463 2695 genus
477 2617 631 2677 loricarum
642 2616 770 2686 mutavit,
780 2629 809 2674 et
818 2635 870 2692 pro
880 2616 966 2674 sertis
978 2627 1061 2692 atque

158 2699 255 2756 reneis
268 2697 373 2756 linteas
387 2696 475 2755 dedit.
511 2697 577 2763 Quo
588 2695 664 2753 facto
675 2695 868 2771 expeditiores
879 2695 987 2754 milites
997 2697 1062 2755 red·

159 2775 245 2834 didit.
285 2775 362 2832 Nam
375 2775 501 2851 pondere
513 2775 649 2844 detracto,
658 2775 733 2849 quod
746 2793 828 2850 aeque·
836 2793 939 2852 corpus
949 2785 1062 2852 tegeret

161 2865 193 2912 et
205 2855 272 2912 leve
287 2864 376 2924 esset,
391 2854 510 2910 curavit.

202 2932 244 2989 11.
266 2933 380 2989 Bellum
402 2951 467 2989 cunr
480 2931 643 2989 Thracibus
658 2931 767 3008 gessit;
789 2931 928 3002 Seuthem
948 2933 1060 2990 socium
1082 2937 1095 2992 l

162 3009 395 3080 Atheniensium,
415 3009 446 3068 in
465 3027 585 3086 regnum
603 3009 737 3067 restituit.
778 3011 862 3086 Apud
883 3011 940 3068 Oo-
1001 3035 1039 3076 aes

161 3087 288 3146 rinthum
308 3098 387 3145 tanta
414 3087 570 3146 seueritate
598 3089 739 3145 exercitui
765 3088 885 3164 prefuit,
912 3099 943 3146 ut
979 3087 1063 3126 ⁸³³·ss

162 3167 249 3224 nullae
270 3185 404 3241 umquam
423 3166 455 3223 in
480 3165 595 3226 Graecia
615 3186 709 3242 neque
727 3165 945 3224 exercitatiores
959 3167 1060 3242 copiae,

162 3262 256 3318 neque
276 3245 369 3320 magis
392 3244 470 3302 dicto
490 3244 640 3302 audientes
659 3244 763 3302 suerint
782 3244 868 3315 duci,
888 3244 919 3302 in
940 3263 1058 3318 eamque
1079 3249 1097 3304 2

164 3323 403 3380 consuetudinem
423 3322 548 3392 adduxit,
562 3334 602 3392 ut,
615 3341 701 3396 quum
719 3322 814 3398 proelii
833 3323 946 3399 signum
959 3325 995 3380 ab
1009 3323 1061 3379 im·

163 3411 294 3474 peratore
309 3411 390 3458 esset
403 3401 507 3471 datum,
518 3399 582 3458 sine
596 3401 678 3458 ducis
693 3419 780 3478 opera
791 3401 835 3459 sic
847 3401 982 3459 ordinate
994 3417 1061 3458 con·

164 3475 310 3548 sisterent,
324 3489 355 3536 ut
369 3479 477 3554 singuli
497 3481 532 3536 ab
546 3478 721 3554 peritissimo
741 3478 912 3556 imperatore
926 3477 1062 3566 dispositi

163 3553 338 3614 riderentur.
393 3556 460 3614 Hoc
488 3557 617 3615 exercitu
642 3574 750 3615 moram
778 3557 1099 3616 Lacedaemomommd

163 3630 335 3710 intercepit:
357 3635 433 3710 quod
445 3635 569 3692 maxime
592 3645 651 3692 tota
675 3637 850 3694 celebratum
870 3645 917 3693 est
937 3631 1052 3690 Graecia

164 3707 272 3770 lterum
285 3713 389 3772 eodem
407 3713 485 3772 bello
504 3730 607 3800 ornnes·
625 3713 725 3790 copias
746 3731 844 3772 eorum
857 3709 975 3787 fugarit.
997 3708 1064 3775 Quo
