2692 4306
267 376 309 436 ce
520 369 559 432 v.
596 377 626 446 c,
642 376 672 446 3,
688 375 718 434 4.
766 369 920 450 (orm.)

234 519 248 578 Ι
311 516 352 576 ΙΙ.
381 515 450 574 Tnh
462 515 547 574 modo
564 515 696 574 custodia
710 515 848 574 liberatus
863 515 968 574 Cimon
984 515 1121 574 celeriter
1138 515 1174 576 ad

271 594 462 672 principatum
479 594 620 670 pervenit.
660 594 796 654 Habebat
814 594 892 652 enim
907 593 979 652 satis
993 593 1175 668 eloquentioe,

272 691 411 732 summam
433 671 644 744 liberalitatem,
664 691 799 750 magnam
819 672 1000 749 prudentiam
1019 681 1081 730 tum
1100 673 1175 749 juris

271 751 377 821 civilis,
396 761 457 808 tum
479 751 524 809 rei
545 751 688 822 militaris,
712 751 788 826 quod
808 769 874 808 cum
894 761 1013 827 patrea
1033 769 1123 826 puero
1143 751 1176 809 in

272 829 448 888 exercitibus
473 829 567 887 fueret
586 841 727 888 versatis.
781 830 882 904 Itaque
906 829 956 886 hic
982 839 1012 886 et
1037 830 1176 904 populum

270 908 409 966 urbanum
434 907 465 966 in
488 927 542 966 sna
563 909 656 966 tenuit
678 918 830 986 potestate,
859 918 888 965 et
912 906 988 982 apud
1015 907 1175 966 exercitum

231 990 250 1044 2
270 985 424 1062 plurimum
442 986 532 1044 valuit
551 987 730 1045 auctoritate.
779 987 906 1045 Primum
925 987 1080 1062 imperator
1099 985 1175 1061 apud

271 1065 379 1122 flumen
413 1065 567 1140 Strymona
598 1083 718 1142 magnas
753 1064 853 1140 copias
882 1063 1029 1122 Thracum
1056 1063 1174 1139 fugavit,

271 1143 408 1220 oppidum
431 1142 628 1219 Amphipolim
660 1143 816 1213 constituit,
841 1161 933 1217 eoque
961 1143 1066 1200 decern
1093 1143 1175 1200 milia

271 1221 494 1279 Atheniensium
511 1221 543 1279 in
565 1222 708 1280 coloniam
721 1221 809 1278 misit.
860 1221 943 1279 Idem
970 1221 1074 1278 iterum
1098 1220 1175 1295 apud

271 1300 411 1376 Mycdlen
432 1299 604 1376 Cypriorum
617 1310 647 1358 et
667 1300 838 1358 Phoenicum
857 1299 1043 1356 ducentarum
1058 1299 1174 1356 navium

232 1379 250 1435 3
272 1379 399 1436 classem
418 1377 564 1436 devictam
582 1378 678 1454 cepit;
699 1377 921 1453 eodemquedie
940 1377 1005 1453 pari
1018 1376 1130 1434 fortuna
1143 1377 1174 1436 in

292 1481 331 1521 tos
389 1465 466 1512 terra
474 1474 545 1513 usus
561 1466 615 1514 est.
650 1455 922 1531 Namquehostium
934 1455 1056 1512 navibus
1070 1455 1173 1531 captis,

268 1530 322 1570 ⁸·0·
331 1541 353 1570 ¹¹·
390 1534 487 1592 statim
500 1553 538 1592 ex
552 1535 649 1593 classe
664 1535 764 1610 copias
785 1553 854 1592 suas
869 1531 976 1603 eduxit,
990 1535 1174 1591 barbarorum

230 1611 355 1690 4[que]
382 1631 440 1670 uno
459 1631 603 1671 concursu
629 1614 782 1671 maximam
808 1613 867 1670 vim
889 1612 1050 1688 prostravit.
1107 1613 1174 1678 Qua

270 1690 392 1748 victoria
416 1709 522 1766 magna
541 1692 640 1767 pracda
664 1693 772 1767 potitus
796 1709 882 1765 quum
909 1691 1024 1748 domum
1046 1701 1173 1748 reverte·

270 1779 357 1838 reon,
380 1769 456 1842 quod
478 1770 539 1845 jam
561 1771 706 1828 nonnullae
726 1771 829 1828 insulae
852 1779 967 1845 propter
987 1769 1174 1826 acerbitatem

270 1845 386 1922 imperii
399 1846 576 1918 defecerant,
589 1849 664 1905 bene
679 1847 818 1905 animatas
834 1847 1020 1916 confirmavit,
1031 1847 1172 1904 alienatas

231 1929 251 1982 5
271 1924 309 1982 ad
322 1923 449 1982 officium
470 1925 565 1982 redire
586 1927 690 2001 coegit.
733 1927 866 2002 Scyrum,
886 1944 971 2000 quam
989 1943 1025 1983 eo
1043 1935 1172 2000 tempore

272 2003 402 2078 Dolopes
425 2003 599 2075 incolebant,
623 2004 699 2079 quod
723 2004 920 2062 contumacius
948 2024 982 2061 se
1010 2013 1170 2079 gesserent,

271 2081 442 2151 vacuefecit,
456 2100 590 2140 sessores
603 2093 719 2140 veteres
732 2084 802 2141 urbe
814 2083 964 2156 insulaque
976 2082 1075 2158 ejecit,
1087 2100 1171 2158 agros

271 2160 382 2218 civibus
404 2160 512 2218 divisit.
552 2160 680 2218 Thasios
701 2161 848 2237 opulentia
866 2161 955 2218 fretos
976 2179 1029 2218 suo
1050 2160 1173 2218 adventu

297 2264 335 2304 4⁶7
390 2238 486 2316 fregit.
521 2239 579 2297 His
594 2258 632 2298 ex
644 2240 787 2298 manubiis
801 2240 979 2298 Athenarum
992 2257 1052 2310 arx,
1066 2239 1173 2314 quand

272 2323 293 2354 ι
305 2313 329 2354 ⁰·
342 2325 364 2354 ¹¹·
390 2317 542 2376 meridiem
551 2319 653 2396 vergit,
668 2329 714 2377 est
727 2329 836 2377 ornata.
865 2359 873 2394 3

234 2400 248 2456 1
310 2395 369 2456 III.
398 2396 511 2465 Quibus
537 2399 623 2456 rebus
644 2417 731 2474 quum
752 2416 825 2456 unus
849 2395 1018 2454 incivitate
1047 2395 1171 2452 maxime

292 2501 329 2540 tol
390 2475 514 2547 floreret,
528 2476 631 2534 incidit
643 2477 675 2534 in
688 2476 821 2534 eamdem
833 2474 980 2544 invidiam,
994 2492 1080 2548 quam
1089 2483 1173 2549 pater

258 2549 352 2590 'eoa
390 2573 459 2613 suus
469 2555 615 2630 ceterique
625 2556 848 2614 Atheniensium
857 2553 1014 2631 principes.
1029 2551 1172 2610 Namtes·

270 2641 362 2688 tarum
382 2632 538 2707 suffragiis,
562 2634 638 2708 quod
660 2635 705 2692 illi
725 2633 900 2712 tergamdpds
928 2641 1041 2701 vocant,
1068 2630 1173 2687 decem

231 2713 410 2766 2annorum
433 2711 538 2766 exsilio
564 2713 698 2770 multatus
727 2722 781 2770 est.
837 2711 928 2788 Cujus
953 2709 1022 2768 facti
1046 2709 1172 2767 celerius

271 2785 478 2856 Athenienses,
502 2806 587 2860 quam
609 2789 713 2863 ipsum,
736 2790 876 2865 poenitnit.
917 2788 995 2845 Nam
1014 2805 1100 2862 quum
1120 2787 1171 2844 ille

272 2865 366 2922 animo
380 2863 445 2922 forti
459 2865 576 2923 invidiae
588 2865 763 2940 ingratorum
776 2867 883 2922 civium
891 2864 1041 2933 cessisset,
1052 2865 1173 2922 bellum·

271 2962 326 3018 que
341 2942 556 3000 Lacedaemonii
569 2943 796 3002 Atheniensibus
807 2943 997 2999 indixissent:
1019 2942 1173 3000 confestim

232 3027 250 3081 3
270 3032 346 3080 notae
360 3022 423 3098 ejus
436 3021 548 3079 virtutis
569 3021 745 3079 desiderium
765 3030 953 3078 consecutum
971 3029 1026 3078 est.
1071 3020 1171 3094 Itaque

270 3109 337 3177 post
360 3118 465 3158 annum
484 3101 620 3175 quintum,
642 3119 728 3174 quam
748 3099 886 3174 expulsus
911 3109 981 3169 erat,
1001 3097 1173 3174 inpetriam

271 3189 423 3236 revocatus
446 3190 500 3237 est.
549 3179 614 3249 ille,
638 3179 714 3252 quod
736 3177 862 3253 hospitio
887 3177 1173 3235 Lacedaemoniorum

271 3258 410 3327 utebatur,
425 3259 515 3316 satius
536 3257 716 3327 existimans,
733 3256 908 3314 contendere
924 3255 1177 3324 Lacedaemonem,

271 3353 325 3392 sua
338 3346 439 3410 sponte
454 3348 500 3394 est
509 3335 665 3412 profectus,
674 3355 832 3412 pacemque
841 3335 916 3394 inter
926 3335 998 3394 duas
1006 3331 1173 3411 potentissi-

233 3422 252 3474 t
295 3438 343 3478 tto
390 3432 451 3472 mas
467 3415 598 3472 civitates
614 3415 788 3473 conciliavit.
823 3415 904 3484 Post,
915 3433 1009 3488 neque
1023 3414 1064 3472 ita
1074 3413 1171 3480 multo,

271 3498 292 3528 ⁸·
305 3488 330 3528 ⁰·
343 3497 364 3526 ¹¹¹
392 3492 521 3568 Cyprum
532 3512 597 3552 cum
607 3493 740 3552 ducentis
752 3492 872 3550 navibus
886 3491 1171 3568 imperatoc'missus,

293 3597 331 3640 ttt
390 3589 477 3645 quum
490 3573 552 3648 ejus
566 3574 705 3650 majorem
719 3582 830 3648 partem
842 3571 946 3630 insulae
960 3569 1129 3639 devicisset,
1143 3568 1172 3628 in

269 3657 291 3689 ι
303 3647 328 3689 ⁰·
340 3658 362 3688 ’Δ
391 3651 521 3708 morbum
530 3651 698 3726 implicitus,
706 3649 738 3708 in
748 3649 853 3727 oppido
866 3649 944 3708 Citio
958 3659 1004 3708 est
1016 3657 1153 3706 mortuus.

235 3731 249 3792 l
311 3727 366 3790 lv.
387 3729 475 3788 Hunc
497 3728 695 3788 Athenienses
716 3746 776 3788 non
793 3728 887 3788 solum
911 3727 1050 3797 inbelle,
1069 3723 1172 3787 sedin
