2692 4306
255 351 294 409 18
499 346 541 408 ll.
579 351 608 410 8.
645 347 909 428 (Themistocleo.)

254 493 414 552 moniorum
427 493 564 564 accessit,
574 513 667 570 penes
681 513 753 570 quos
768 513 910 552 summum
923 495 1075 570 Imperirun
1089 508 1159 563 erat.

256 582 340 647 atque
355 573 431 648 apud
450 591 501 630 eos
525 573 681 644 contendit,
695 574 770 632 falsa
791 573 838 632 his
853 593 921 632 esse
935 573 1050 645 delata;
1071 593 1159 650 quare

256 670 366 726 requum
378 671 455 722 esse,
466 651 534 709 illos
544 652 624 710 viros
638 654 729 710 bonos
739 653 910 728 nobilesque
921 653 1045 724 mittere,
1055 654 1159 730 quibus

255 730 328 788 fides
350 730 514 802 haberetur,
528 732 578 806 qui
599 751 662 790 rem
683 733 884 808 explorarent;
905 731 1017 790 interea
1035 752 1069 790 se
1084 732 1160 790 obsi-

217 811 233 866 3
255 809 322 866 dem
348 809 515 868 retinerent.
559 811 668 868 Gestus
694 821 740 868 est
763 812 792 870 ei
818 829 892 881 mos,
916 823 1033 888 tresque
1060 811 1160 886 legatI,

254 888 345 946 functi
359 889 478 947 summis
492 889 658 960 honoribus,
670 891 801 948 Athenas
812 891 895 948 missi
907 900 982 948 sunt.
1025 890 1099 949 Cum
1112 889 1160 948 bis

237 969 384 1044 *collegas
396 988 465 1026 suos
477 969 695 1026 Themistocles
706 970 795 1046 jussit
807 969 965 1046 proficisci,
977 969 1077 1046 eisque
1089 989 1160 1046 prae-

255 1047 336 1117 dixit,
350 1059 431 1106 utne
446 1047 526 1124 prius
544 1048 831 1108 Lacedaemoniorum
848 1049 961 1124 legatos
976 1049 1160 1119 dimitterent,

216 1131 233 1182 4
255 1145 340 1201 quarn
353 1127 418 1202 ipse
434 1139 514 1184 esset
526 1129 677 1186 remissus.
707 1128 772 1186 Hos
786 1139 938 1204 postquam
952 1128 1082 1186 Athenas
1096 1147 1161 1204 per·

254 1205 372 1263 venisse
387 1217 465 1264 ratus
480 1217 534 1278 est,
549 1207 585 1264 ad
602 1207 800 1283 magistratum
814 1219 1002 1283 senatumque
1022 1207 1161 1268 Lacedae·

254 1284 415 1342 monierum
439 1285 518 1357 adiit,
533 1297 562 1344 et
583 1288 659 1362 apud
678 1305 730 1344 eos
754 1287 901 1344 liberrime
922 1287 1072 1364 professus
1096 1296 1158 1344 est:

254 1364 453 1423 Athenienses
472 1384 525 1422 suo
540 1366 674 1438 consilio,
688 1366 764 1442 quod
785 1367 929 1440 communi
946 1367 1011 1444 jure
1033 1365 1161 1442 gentium

254 1443 352 1502 l'acere
362 1455 492 1520 possent,
501 1445 573 1502 deos
581 1446 723 1521 publicos,
733 1464 859 1522 suosque
868 1446 976 1521 patrios
986 1465 1020 1504 ac
1030 1456 1160 1522 penates,

254 1541 310 1598 quo
325 1523 441 1582 facilius
453 1525 488 1582 ab
502 1523 586 1582 hoste
601 1535 723 1600 possent
733 1524 901 1596 defendere,
909 1525 999 1582 muris
1011 1525 1160 1602 sepsisse;

216 1607 233 1661 5
254 1622 350 1678 neque
365 1602 395 1660 in
411 1623 456 1674 eo,
470 1603 547 1679 quod
563 1605 664 1662 Inutile
680 1615 761 1662 esset
776 1603 908 1674 Graeciee‚
922 1605 1043 1662 fecisse.
1084 1605 1161 1662 Nam

255 1682 370 1738 illorum
391 1685 491 1740 urbem
512 1693 543 1738 ut
564 1684 811 1758 propugnaculum
825 1683 989 1758 oppositum
1008 1701 1076 1740 esse
1098 1684 1161 1739 bar-

254 1761 342 1830 baris,
357 1761 432 1836 apud
446 1780 532 1836 quam
548 1763 609 1837 jam
622 1761 667 1819 bis
684 1763 797 1820 classes
812 1761 909 1836 regias
924 1760 1033 1818 fecisse
1048 1761 1161 1818 naufra-

216 1841 233 1895 6
255 1839 343 1914 gium.
386 1840 625 1896 Lecedaemonios
651 1851 747 1896 autem
767 1840 843 1896 male
866 1849 896 1896 et
918 1840 1024 1916 injuste
1052 1839 1161 1910 facere,

253 1918 303 1993 qui
327 1917 358 1974 id
381 1918 477 1992 potius
502 1918 790 1994 intuerentur,.quod
814 1918 942 1994 ipsorum
964 1918 1162 1986 dominationi,

254 2016 340 2072 quam
364 1997 440 2073 quod
460 1997 608 2054 uniuersae
635 1998 758 2056 Graeciae
779 1997 850 2056 utile
876 2008 965 2056 esset.
1007 1999 1116 2070 Quare,
1135 1998 1161 2056 ei
1225 2033 1232 2044 ·

255 2095 324 2133 suos
338 2077 450 2152 legatos
465 2075 598 2151 recipere
611 2077 729 2147 vellent,
740 2095 812 2153 quos
824 2077 955 2134 Athenas
969 2077 1116 2148 miserant,
1127 2097 1161 2135 se

253 2155 441 2225 remitterent,
456 2156 540 2212 aliter
553 2157 620 2212 illos
634 2175 790 2232 numquam
803 2157 834 2214 In
850 2157 972 2234 patriam
985 2155 1151 2234 recepturi.

217 2239 230 2292 l
295 2235 381 2294 VIII.
403 2235 518 2292 Tamen
541 2254 600 2294 non
622 2236 724 2312 effugit
747 2236 854 2294 ciuium
875 2254 993 2294 suorum
1013 2237 1161 2294 invidiam.

255 2313 439 2394 Namqueob
455 2314 589 2372 eumdem
609 2316 750 2386 timorem,
764 2334 821 2392 quo
840 2316 991 2374 damnatus
1012 2327 1074 2374 erat
1094 2316 1162 2374 Mil·

256 2394 359 2464 tiadeS,
386 2405 526 2452 testarum
554 2395 700 2470 suffragiis
729 2415 745 2452 e
775 2395 891 2453 civitate
920 2396 1042 2472 eJectus,
1067 2396 1162 2470 Argos

216 2477 234 2530 2
254 2471 412 2532 habitatum
435 2475 593 2532 concessit.
635 2475 695 2532 HIc
717 2494 806 2552 quum
831 2485 948 2551 propter
971 2477 1075 2542 multas
1099 2475 1161 2551 ejus

254 2553 376 2612 virtutes
403 2573 509 2630 magna
536 2573 603 2612 cum
630 2553 769 2630 dignitate
796 2555 918 2626 viveret,
948 2553 1161 2613 Lacedaemonii

254 2633 367 2708 legatos
378 2633 509 2690 Athenas
523 2635 672 2704 miserunt,
682 2635 731 2708 qui
743 2655 808 2692 eum
820 2636 970 2692 absentem
981 2643 1161 2703 accusarent,

255 2712 332 2787 quod
346 2712 517 2769 societatem
528 2731 593 2768 cum
604 2731 674 2787 rege
690 2714 846 2770 Persarum
856 2714 893 2770 ad
909 2713 1054 2772 Graeciam
1068 2713 1162 2788 oppri-

217 2791 391 2850 3mendam
417 2789 548 2846 fecisset.
604 2791 672 2848 Hoc
701 2792 821 2848 crImine
850 2793 957 2848 absens
991 2792 1162 2866 proditionis

277 2896 315 2934 trs
376 2879 422 2926 est
443 2869 603 2926 damnatus.
644 2869 680 2926 Id
706 2879 737 2926 ut
761 2869 879 2938 audivit,
901 2869 978 2944 quod
1003 2887 1062 2926 non
1091 2871 1162 2926 satis

253 2947 337 2985 ΕΜ·
375 2959 466 3006 tutum
488 2967 521 3006 se
540 2948 628 3023 Argis
650 2947 777 3017 videbat,
801 2948 959 3020 Corcyram
981 2947 1162 3024 demigravit.

256 3028 302 3088 lbi
316 3047 402 3104 quum
416 3029 480 3104 ejus
493 3027 641 3103 principes
654 3026 779 3084 civitatis
791 3025 1041 3084 animadvertisset
1050 3029 1163 3100 timere,

255 3127 293 3166 ne
312 3118 428 3182 propter
442 3127 475 3165 se
494 3107 602 3164 bellum
621 3105 669 3162 his
690 3105 907 3164 Lacedaemonii
922 3115 951 3162 et
964 3106 1163 3165 Athenienses

256 3186 436 3245 indicerent:
480 3187 518 3244 ad
546 3183 708 3255 Admetum,
737 3185 934 3244 Molossorum
959 3205 1069 3262 regem,
1098 3206 1164 3246 cum

217 3270 234 3324 4
256 3283 312 3342 quo
328 3265 356 3330 ai
371 3265 529 3342 hospitium
542 3265 644 3336 fuerat,
659 3264 798 3341 confugit.
810 3264 905 3322 aHuc
920 3285 1009 3342 quum
1020 3267 1163 3338 venisset,

257 3356 287 3404 et
300 3345 331 3404 111
352 3345 508 3422 praesentia
529 3364 582 3404 rex
603 3347 731 3416 abesset,
753 3363 810 3421 quo
832 3346 941 3422 majore
964 3346 1106 3423 religione
1129 3366 1162 3404 se

216 3447 218 3453 ·
256 3435 406 3502 receptum
418 3435 554 3496 tueretun
569 3425 658 3484 filiam
672 3425 735 3502 ejus
749 3425 899 3501 parvulam
912 3426 1040 3503 arripuit,
1054 3437 1084 3487 et
1098 3445 1164 3484 cum
1237 3491 1240 3499 ,

257 3523 294 3564 ea
312 3523 345 3564 se
366 3505 398 3562 iu
419 3505 586 3576 sacrarimn,
600 3505 677 3582 quod
700 3523 812 3563 summa
826 3505 975 3564 colebatur
989 3505 1163 3577 caerimonia,

258 3585 393 3663 conjecit.
435 3584 508 3644 Inde
528 3604 588 3644 non
607 3584 687 3662 prius
709 3603 847 3662 egressus
862 3595 917 3656 est,
931 3604 1017 3662 quam
1029 3603 1083 3642 rex
1097 3603 1163 3642 eum

219 3669 237 3722 t
258 3663 324 3724 data
346 3664 447 3724 dextra
468 3665 499 3724 in
520 3664 608 3724 fidem
628 3664 784 3740 reciperet,
816 3683 883 3722 uam
903 3665 1045 3741 preastitit.
1076 3664 1162 3762 ,Nam

256 3761 345 3821 quum
363 3745 398 3802 ab
418 3743 647 3804 Atheniensibus
664 3755 693 3802 et
710 3744 791 3803 Lace
837 3743 945 3822 moniisv
957 3752 1161 3819 exposceretur

256 3823 382 3896 publice,
397 3824 560 3900 supplicem
583 3842 642 3882 non
665 3823 799 3901 prodidit,
819 3823 994 3899 monuitque,
1008 3831 1039 3879 ut
1059 3835 1151 3878 consu
