2680 4304
263 358 305 416 82
489 381 491 386 ·
519 291 594 410 XX.
641 353 669 410 l.
716 343 912 429 (Timoleon.)

260 502 354 573 famae,
378 500 470 562 aetatis
488 500 713 571 misererentur;
738 498 856 574 plurimi
876 515 946 554 vero
969 497 1015 554 ira
1038 514 1164 556 exacua-

259 592 360 640 rentur
373 589 488 658 propter
501 578 667 655 proditionis
687 577 880 653 suspicionem
901 575 1014 646 Piraeei,
1030 577 1167 636 maxima

259 679 325 737 que,
340 659 416 744 quod
430 659 570 716 adversus
591 657 688 734 populi
702 654 853 714 commoda
877 655 905 712 in
920 664 1070 714 senectute
1083 664 1168 714 stete-

219 743 239 798 c,
260 749 314 796 rat.
337 739 406 804 Qua
419 737 455 796 de
470 755 502 794 re
513 755 550 794 ne
565 734 718 813 perorandi
727 733 844 810 quidem
855 735 883 791 ci
896 733 965 791 deta
976 743 1019 792 est
1033 733 1168 806 facultas,

259 827 288 876 et
307 817 421 875 dicendi
435 833 566 874 catrsam.
608 813 679 872 Inde
699 812 816 889 judicio,
838 812 975 889 legitimis
994 813 1169 888 quibusdam

259 895 407 964 confectis,
428 895 590 964 damnatus,
605 891 727 950 traditus
747 900 791 950 est
810 891 946 949 undecim
960 891 1040 961 viris,
1062 892 1169 968 quibus

260 974 295 1032 ad
309 975 484 1051 supplicium
493 991 572 1030 mora
584 971 809 1030 Atheniensium
824 970 940 1046 publice
951 969 1080 1028 damnati
1094 971 1168 1028 tradi

223 1057 239 1112 i
259 1053 361 1110 solent.
403 1052 462 1110 Hic
476 1069 567 1128 quum
582 1050 618 1108 ad
633 1059 753 1107 mortam
767 1049 934 1119 duceretur,
948 1049 1051 1106 obvius
1065 1049 1093 1106 ci
1114 1048 1168 1106 luit

259 1131 463 1208 Emphyletus,
477 1149 535 1206 quo
549 1128 731 1187 familiariter
746 1127 841 1185 fuerat
855 1145 936 1185 usus.
979 1127 1007 1184 Ιι
1021 1145 1113 1202 quum
1127 1127 1167 1184 la-

258 1211 387 1268 crimans
405 1209 540 1266 dixisset:
561 1226 673 1282 oqncm
696 1208 815 1281 indrgnn
830 1208 994 1280 prepeteria,
1016 1203 1168 1264 Phocion!

258 1289 327 1346 huic
341 1289 401 1358 ille,
415 1297 445 1346 at
458 1306 512 1344 non
525 1288 675 1360 inopinato,
691 1286 802 1360 inquit:
823 1287 895 1342 inne
909 1287 981 1344 eninr
994 1287 1096 1342 ealtnnr
1107 1285 1167 1358 ple-

219 1371 238 1424 4
258 1369 338 1442 rique
352 1369 423 1424 clari
445 1368 502 1424 ain
524 1365 678 1424 doluerunt
691 1362 886 1424 Athenienses.
927 1363 959 1422 In
980 1361 1036 1422 hoc
1056 1372 1169 1420 tantum

259 1444 314 1503 fuit
334 1445 432 1502 odium
455 1444 656 1512 multitudinis,
672 1452 704 1502 ut
727 1461 813 1500 nemo
827 1461 916 1500 ausus
940 1443 977 1500 sit
1001 1460 1070 1499 eum
1095 1442 1169 1500 liber

258 1524 391 1600 sepelire.
433 1523 534 1599 Itaque
548 1541 566 1579 a
580 1523 673 1580 servis
687 1522 819 1598 sepultus
836 1531 889 1578 est.

436 1910 969 2009 xx.nrnonnon

635 2121 793 2132 κ--μ-

137 2295 139 2300 ,
223 2237 233 2290 l
299 2233 322 2292 Ι.
349 2232 496 2304 Timoleon,
514 2233 684 2291 Corinthius.
715 2233 785 2290 Sine
800 2233 887 2292 dubio
901 2236 1169 2310 mngnusomnium

256 2313 366 2388 judicio
380 2313 428 2370 hic
442 2314 487 2370 vir
501 2313 618 2370 exstitit.
650 2311 787 2388 Namque
799 2313 868 2370 huic
883 2315 934 2370 uni
948 2313 1076 2390 contigit,
1091 2314 1168 2389 quod

258 2393 356 2450 nescio
370 2411 406 2449 en
428 2392 491 2461 ulli,
506 2401 536 2449 ut
557 2401 586 2450 et
599 2391 730 2468 patriam,
753 2392 782 2448 in
796 2403 930 2467 quaerat
944 2403 1038 2462 natus,
1053 2411 1167 2468 oppres-

257 2489 322 2530 sam
336 2491 353 2528 a
367 2481 491 2546 tyranno
511 2471 656 2539 liberaret,
671 2479 700 2528 et
714 2489 730 2526 a
746 2469 911 2546 Syracusis,
930 2472 1036 2546 quibus
1058 2472 1167 2528 auxilio

261 2561 323 2608 erat
337 2551 450 2620 missus,
460 2551 649 2608 inveteratam
660 2549 835 2607 servitutem¹
843 2549 1009 2625 depelleret,
1019 2559 1166 2626 totamque

259 2628 399 2699 Siciliam,
421 2630 526 2687 multos
540 2647 630 2685 annos
645 2629 720 2685 bello
734 2639 868 2686 vexatam
883 2648 901 2685 a
916 2629 1104 2704 barbarisque
1118 2647 1166 2704 op-

220 2711 238 2763 2
260 2725 397 2782 pressam,
412 2727 464 2765 suc
479 2708 604 2765 adventu
626 2707 656 2764 in
671 2707 823 2782 pristinum
838 2709 1012 2766 restitueret.
1053 2707 1111 2764 Sed
1136 2709 1166 2764 in

249 2786 304 2848 ,his
328 2785 415 2842 rebus
439 2803 496 2842 non
520 2786 644 2861 simplici
669 2783 782 2843 fortuna
806 2787 987 2844 conflictatus
1011 2795 1063 2856 est,
1085 2795 1122 2856 et,
1138 2785 1166 2844 id

259 2862 334 2938 quod
348 2863 495 2921 difficilius
509 2874 634 2940 putatur,
647 2863 737 2920 multo
747 2865 905 2940 sapientius
918 2865 983 2922 tulit
997 2864 1165 2934 secundam,

220 2945 238 2998 3
259 2961 348 3017 quem
362 2942 514 3000 adversam
528 2941 682 3000 fortunam.
724 2942 755 2999 N
758 2963 805 3000 am
818 2963 912 3020 quum
934 2943 1023 3002 frater
1037 2943 1101 3019 ejus
1115 2943 1166 3002 Ti·

98 3065 100 3072 ,
159 3035 163 3041 ’
259 3021 424 3096 mophanes,
439 3020 499 3078 dux
523 3038 542 3077 a
562 3021 717 3079 Corinthiis
741 3021 879 3094 delectus,
905 3022 1090 3098 tyrannidem
1115 3041 1166 3098 per

259 3099 365 3156 milites
378 3101 573 3158 mercenarios
593 3109 770 3175 occupasset,
791 3103 992 3178 particepsque
1007 3103 1089 3178 regni
1104 3121 1166 3177 pos-

259 3186 303 3234 set
317 3197 398 3236 esse:
419 3187 532 3237 tantum
547 3177 639 3236 abfuit
653 3197 671 3235 a
685 3179 820 3237 societate
835 3181 964 3251 sceleris,
980 3190 1011 3238 ut
1026 3180 1166 3238 antetule-

260 3258 297 3314 rit
318 3275 436 3315 sucrum
461 3259 570 3316 civium
591 3258 752 3316 libertatem
776 3257 873 3317 fratris
893 3260 989 3329 saluti,
1011 3269 1040 3318 et
1063 3278 1166 3335 parere

223 3335 382 3412 llegibus,
403 3355 492 3412 quam
516 3339 660 3414 imperare
684 3338 793 3412 patrie,
818 3340 908 3396 satius
930 3339 1053 3397 duxerit.
1100 3337 1166 3395 Hac

260 3425 355 3472 mente
376 3435 428 3492 per
441 3417 634 3494 haruspicem,
649 3435 891 3492 communemque
911 3417 1036 3486 affinem,
1051 3418 1102 3474 cui
1122 3437 1166 3474 sc·

260 3511 316 3564 ror,
331 3513 367 3551 ex
382 3495 489 3554 eisdem
510 3496 676 3572 parentibus
696 3505 772 3566 nata,
787 3510 877 3572 nupta
897 3507 967 3566 erat,
983 3495 1101 3554 fratrem
1122 3505 1166 3571 ty·

260 3591 384 3630 rannnm
403 3574 633 3634 interficiendum
648 3575 771 3634 curavit.
814 3573 878 3650 Ipse
893 3593 949 3634 nnn
964 3574 1047 3634 modo
1060 3592 1166 3632 manus

259 3669 317 3709 non
332 3653 436 3722 attulit,
451 3652 501 3710 sed
515 3673 552 3710 ne
572 3653 721 3730 adspicere
734 3653 852 3727 quidem
873 3653 1033 3712 fraternum
1048 3655 1165 3730 sangui·
1189 3721 1199 3738 .

259 3746 328 3786 nem
341 3731 440 3790 voluit.
482 3731 512 3790 N
515 3751 570 3802 am,
585 3731 654 3788 dum
666 3750 713 3788 res
726 3731 925 3800 conficeretur,
935 3732 1036 3808 procul
1051 3733 1081 3789 in
1095 3749 1166 3808 proe·
