2692 4306
441 345 514 410 ιιι
537 351 567 409 r
610 345 827 427 (Amans)
1038 355 1080 414 aa

180 495 357 586 ejusopora.
396 492 496 566 Itaque
511 502 541 550 et
554 491 665 550 sicilie
687 493 834 563 amissum,
854 505 884 551 et
898 495 1082 556 Lacodmmo-

176 571 435 631 niorumvictorias
450 572 541 646 culpa
555 589 614 628 sura
627 570 788 629 tribuebant
789 536 882 646 ,qirod
895 574 1082 634 talemvirum

174 615 931 817 tulit&‘Pllttldultjlrilzttz
945 653 1080 802 libili

172 827 272 883 nequo
295 819 382 877 terra,
395 825 490 881 neque
510 807 583 864 mari
602 805 702 864 hostes
723 825 810 882 pares
825 827 893 866 esse
916 750 1076 884 potuiirent.

173 888 234 946 Hic
249 897 283 944 ut
303 905 321 943 e
335 904 403 943 narr
427 904 565 961 egressus
578 895 633 955 est,
646 903 815 960 quamquam
836 885 1035 946 Therambnes
1050 899 1080 948 at
1100 893 1117 948 ³

172 965 379 1040 Thrasybulus
389 963 594 1022 eisdemrebus
603 963 782 1040 profuerant,
791 964 931 1040 simulque
941 979 1080 1026 venerant

172 1044 203 1102 in
217 1045 382 1102 Piraeum:
408 1052 505 1100 tamen
518 1041 599 1100 illum
611 1061 699 1100 uuum
709 1061 812 1101 omnes
826 1047 1078 1120 prosequebantur,

172 1135 211 1194 et,
225 1123 261 1180 id
283 1121 360 1197 quod
378 1139 532 1196 numquam
545 1134 631 1180 autea
645 1140 701 1179 usu
713 1133 841 1192 venerat,
854 1122 913 1182 nisi
937 1124 1079 1201 Olympia

171 1201 344 1272 victoribus,
368 1200 484 1258 coronis
506 1200 602 1258 aureis
626 1200 771 1276 auremque
798 1203 884 1278 vulgo
912 1202 1077 1260 donabatur.

173 1281 231 1340 Ille
246 1279 401 1338 lacrimans
415 1278 503 1336 talem
515 1279 748 1336 benevolentiam
758 1279 865 1338 civium
878 1299 993 1340 suorum
1001 1282 1079 1340 acci·

172 1359 284 1435 piabat,
297 1357 488 1415 reminiscens
502 1357 616 1432 pristini
628 1358 765 1434 temporis
780 1359 973 1418 acerbitatem.
995 1361 1079 1419 Post·
1099 1365 1117 1418 t

174 1456 266 1512 quam
285 1446 348 1493 astu
360 1435 449 1505 veuit,
464 1435 606 1524 concione
627 1436 766 1493 advocata
786 1437 830 1494 sic
844 1440 934 1496 verba
957 1439 1037 1508 fecit,
1047 1451 1079 1496 ut

175 1534 268 1574 nemo
280 1526 337 1572 tam
349 1514 425 1572 serus
439 1514 535 1585 fuerit,
554 1513 624 1588 quin
644 1515 708 1590 ejus
722 1533 823 1572 cesum
842 1516 1034 1586 lacrimarit,
1026 1517 1080 1574 mi·

175 1595 341 1670 micumque
354 1593 400 1650 his
414 1612 449 1650 se
464 1593 634 1682 ostenderit,
647 1611 767 1666 quorum
779 1611 868 1668 opera
879 1595 971 1670 patria
980 1596 1080 1671 pulsus

174 1673 281 1744 fuerat,
303 1671 423 1747 proinde
450 1691 485 1729 ac
508 1670 630 1730 elalius
644 1671 776 1747 populus,
797 1689 855 1730 non
874 1673 948 1732 illo'
939 1691 1013 1748 rpse,
1032 1675 1080 1749 qui

172 1764 237 1812 tum
258 1752 353 1821 flebat,
367 1770 435 1809 eum
457 1750 606 1826 sacrilegii
628 1750 802 1808 damnasset.
843 1751 988 1809 Restituta
1011 1757 1118 1830 ergab

171 1831 246 1890 huic
259 1840 326 1888 sunt
338 1830 454 1905 publice
468 1831 562 1899 boua;
582 1828 727 1903 iidemque
735 1828 779 1886 illi
790 1829 969 1906 Eumolpidae
983 1850 1080 1890 sacer·

171 1911 259 1968 dotes
273 1927 373 1966 rursus
387 1927 536 1966 resacrare
550 1918 617 1966 sunt
630 1908 723 1965 coacti
725 1909 793 1983 ,qui
807 1927 873 1966 eum
886 1909 1078 1998 devoverant;

170 1990 299 2079 pilaeque
313 1987 403 2057 illas
395 2005 426 2044 ιιι
448 1986 552 2062 quibus
567 1986 681 2044 devotio
704 1951 796 2044 inierat
819 1983 938 2064 scripta,
950 1987 982 2046 in
999 2009 1079 2047 mare

170 2077 382 2204 Priiiniiii
398 2143 543 2202 narnien
565 2142 663 2202 reret
681 2162 740 2202 non
752 2144 838 2204 nima
862 2145 916 2204 fua
937 2145 1079 2204 anama.
1103 2150 1116 2204 1

173 2225 254 2284 Nam
277 2242 365 2300 quum
378 2224 408 2281 ei
431 2241 532 2280 omues
553 2232 653 2280 essent
672 2221 798 2280 honores
821 2224 942 2294 decreti,
966 2235 1079 2300 totaque

171 2303 342 2380 respublica
355 2301 432 2360 dorni
445 2301 571 2375 bellique
590 2300 703 2370 tradita,
716 2311 748 2358 ut
760 2300 847 2358 unius
868 2267 983 2360 arbiirio
997 2321 1080 2378 gere·

172 2393 272 2452 retur;
293 2392 324 2438 et
342 2381 407 2456 ipse
421 2380 606 2456 postulasset,
618 2389 650 2436 ut
663 2379 719 2436 duo
733 2379 789 2436 sibi
803 2380 924 2454 collegae
937 2379 1080 2452 darentur,

173 2425 379 2551 Thraiybulus
402 2470 432 2516 et
455 2458 636 2527 Adimantus,
656 2475 751 2531 neque
775 2456 806 2514 id
825 2467 962 2532 uegetum
982 2468 1078 2518 esset:

174 2539 298 2598 classe'
287 2557 353 2628 yaru¹
362 2537 393 2594 iu
403 2537 504 2595 Asiam
517 2500 673 2612 profectius,
684 2535 759 2609 quod
772 2535 848 2610 apud
863 2535 976 2610 Cymen
987 2535 1081 2594 miuus

176 2636 217 2676 ex
230 2617 375 2676 sententia
395 2635 457 2673 rem
478 2625 619 2691 gesserat,
633 2614 664 2671 in
687 2613 825 2670 invidiam
843 2613 956 2671 recidit.
996 2613 1118 2674 Ninus

176 2695 258 2754 enim
271 2715 338 2753 eum
350 2713 408 2752 non
422 2695 539 2752 efficere
559 2712 647 2770 posse
662 2693 813 2750 ducebant.
854 2692 971 2768 Exque
985 2693 1079 2765 fiebat,

176 2785 210 2832 ut
222 2775 319 2832 omnia
341 2774 435 2831 minus
459 2791 597 2848 prospere
622 2783 705 2848 gesta
718 2772 781 2848 ejus
802 2773 894 2847 culpae
914 2771 1079 2844 tribuerent,

177 2871 265 2928 quum
278 2872 345 2910 eum
359 2861 407 2910 aut
419 2852 610 2928 negligenter,
624 2861 672 2908 aut
693 2851 836 2908 malitiose
859 2851 968 2908 fecisse
982 2851 1080 2927 loque·

177 2943 292 2990 rentur:
313 2931 389 2989 sicut
408 2941 468 2988 tum
481 2929 597 2987 accidit.
638 2929 723 2999 Nem,
739 2940 899 3006 corruptum
917 2949 935 2986 a
947 2948 1017 3006 rege
1033 2950 1080 2988 ca·

178 3028 250 3086 pere
265 3011 378 3086 Cymen
391 3009 531 3079 noluisse,
545 3009 711 3096 arguebant.
752 3009 852 3082 Itaque
872 3007 941 3065 huic
954 3009 1079 3066 maxime
1101 3013 1118 3067 3

179 3100 310 3179 putamus
332 3088 408 3146 malo
429 3087 521 3145 finisse
542 3085 660 3144 nimiam
677 3086 844 3161 opinionem
865 3086 975 3162 ingenii
996 3097 1079 3162 atque

175 3168 302 3226 virtutis.
343 3168 510 3225 Timebatur
523 3164 601 3222 enim
612 3181 671 3221 uon
684 3164 787 3235 minus,
801 3184 886 3240 quam
899 3165 1079 3254 diligebatur,

172 3263 227 3315 ne,
241 3246 372 3304 secunda
394 3243 687 3318 fortunamagnisque
707 3207 809 3318 opibris
831 3244 933 3314 elatus,
955 3244 1079 3319 tyranni·

176 3289 246 3381 dein
260 3323 489 3399 concupisceret.
511 3321 622 3388 Quibus
636 3323 722 3378 rebus
736 3321 842 3379 sactum
856 3332 910 3392 est,
923 3333 955 3380 ut
968 3323 1081 3380 absenti

178 3401 376 3477 magistratum
389 3403 567 3476 abrogarent,
581 3410 611 3458 et
634 3400 722 3457 alium
745 3400 777 3457 iu
791 3401 854 3476 ejus
868 3401 964 3458 locum
977 3400 1081 3458 substi-

179 3490 302 3537 tuerent
342 3481 378 3538 Id
391 3481 441 3537 ille
455 3491 486 3536 ut
505 3478 623 3548 audivit,
638 3477 752 3536 domurn
765 3479 871 3536 reverti
883 3480 982 3549 uoluit,
997 3488 1027 3535 et
1044 3496 1080 3535 so
1100 3483 1117 3536 4

181 3555 313 3634 Pactyen
328 3557 455 3628 contulit,
462 3557 570 3632 ibique
593 3557 784 3616 triacastella
803 3556 1081 3625 communivit,Bor·

179 3653 243 3706 nos,
258 3635 439 3726 Bysantlren,
453 3635 653 3706 Neoutichos3
673 3655 814 3726 manuque
835 3633 1081 3724 collectaprimus

182 3712 304 3774 Gracia
318 3714 443 3772 civitatis
462 3715 494 3772 in
514 3679 691 3772 Thraciaiu
683 3714 800 3783 introiit,
814 3711 968 3807 gloriosius
983 3708 1081 3768 existi-
