<?xml version="1.0" encoding="UTF-8"?>
<!DOCTYPE html PUBLIC "-//W3C//DTD XHTML 1.0 Transitional//EN"
    "http://www.w3.org/TR/xhtml1/DTD/xhtml1-transitional.dtd">
<html xmlns="http://www.w3.org/1999/xhtml" xml:lang="en" lang="en">
 <head>
  <title>
</title>
<meta http-equiv="Content-Type" content="text/html;charset=utf-8" />
  <meta name='ocr-system' content='tesseract 3.04.00' />
  <meta name='ocr-capabilities' content='ocr_page ocr_carea ocr_par ocr_line ocrx_word'/>
</head>
<body>
  <div class='ocr_page' id='page_1' title='image "./corneliusneposw05nepogoog_0087.png"; bbox 0 0 2680 4304; ppageno 0'>
   <div class='ocr_carea' id='block_1_1' title="bbox 247 383 919 469">
    <p class='ocr_par' dir='ltr' id='par_1_1' title="bbox 247 383 919 469">
     <span class='ocr_line' id='line_1_1' title="bbox 247 383 919 469; baseline -0.006 -17"><span class='ocrx_word' id='word_1_1' title='bbox 247 393 289 452; x_wconf 79' lang='lat' dir='ltr'><strong>eo</strong></span> <span class='ocrx_word' id='word_1_2' title='bbox 485 383 575 448; x_wconf 82' lang='lat' dir='ltr'><strong>xix.</strong></span> <span class='ocrx_word' id='word_1_3' title='bbox 622 391 648 461; x_wconf 91' lang='lat'><strong>1,</strong></span> <span class='ocrx_word' id='word_1_4' title='bbox 663 393 693 449; x_wconf 79' lang='lat' dir='ltr'><strong>o.</strong></span> <span class='ocrx_word' id='word_1_5' title='bbox 740 383 919 469; x_wconf 65' lang='lat' dir='ltr'><strong>(enee.)</strong></span> 
     </span>
    </p>
   </div>
   <div class='ocr_carea' id='block_1_2' title="bbox 203 537 1155 1798">
    <p class='ocr_par' dir='ltr' id='par_1_2' title="bbox 242 537 1155 694">
     <span class='ocr_line' id='line_1_2' title="bbox 242 537 1155 617; baseline -0.001 -18"><span class='ocrx_word' id='word_1_6' title='bbox 242 540 407 617; x_wconf 69' lang='lat' dir='ltr'><strong>repulisset,</strong></span> <span class='ocrx_word' id='word_1_7' title='bbox 436 539 540 616; x_wconf 86' lang='lat' dir='ltr'><strong>partim</strong></span> <span class='ocrx_word' id='word_1_8' title='bbox 569 537 769 609; x_wconf 77' lang='lat' dir='ltr'>interfecisset,</span> <span class='ocrx_word' id='word_1_9' title='bbox 797 549 901 616; x_wconf 87' lang='lat' dir='ltr'><strong>ceptus</strong></span> <span class='ocrx_word' id='word_1_10' title='bbox 928 557 986 599; x_wconf 90' lang='lat' dir='ltr'><strong>non</strong></span> <span class='ocrx_word' id='word_1_11' title='bbox 1013 539 1155 616; x_wconf 84' lang='lat' dir='ltr'><strong>Antigoni</strong></span> 
     </span>
     <span class='ocr_line' id='line_1_3' title="bbox 243 617 1155 694; baseline -0.001 -17"><span class='ocrx_word' id='word_1_12' title='bbox 243 620 361 690; x_wconf 83' lang='lat' dir='ltr'><strong>virtute,</strong></span> <span class='ocrx_word' id='word_1_13' title='bbox 376 618 427 676; x_wconf 91' lang='lat' dir='ltr'><strong>sed</strong></span> <span class='ocrx_word' id='word_1_14' title='bbox 452 617 645 676; x_wconf 79' lang='lat' dir='ltr'><strong>Macedonum</strong></span> <span class='ocrx_word' id='word_1_15' title='bbox 668 618 805 694; x_wconf 89' lang='lat' dir='ltr'><strong>perjurio,</strong></span> <span class='ocrx_word' id='word_1_16' title='bbox 820 619 909 676; x_wconf 87' lang='lat' dir='ltr'><strong>talem</strong></span> <span class='ocrx_word' id='word_1_17' title='bbox 929 619 1030 677; x_wconf 92' lang='lat' dir='ltr'><strong>habuit</strong></span> <span class='ocrx_word' id='word_1_18' title='bbox 1043 621 1155 676; x_wconf 88' lang='lat' dir='ltr'><strong>exitum</strong></span> 
     </span>
    </p>

    <p class='ocr_par' dir='ltr' id='par_1_3' title="bbox 204 695 1155 932">
     <span class='ocr_line' id='line_1_4' title="bbox 204 695 1155 774; baseline 0.001 -19"><span class='ocrx_word' id='word_1_19' title='bbox 204 701 224 755; x_wconf 78' lang='lat'>2</span> <span class='ocrx_word' id='word_1_20' title='bbox 244 699 320 756; x_wconf 78' lang='lat' dir='ltr'><strong>vitto.</strong></span> <span class='ocrx_word' id='word_1_21' title='bbox 362 697 397 756; x_wconf 89' lang='lat' dir='ltr'><strong>Iu</strong></span> <span class='ocrx_word' id='word_1_22' title='bbox 411 715 468 773; x_wconf 91' lang='lat' dir='ltr'><strong>quo</strong></span> <span class='ocrx_word' id='word_1_23' title='bbox 488 706 598 773; x_wconf 88' lang='lat' dir='ltr'><strong>quanta</strong></span> <span class='ocrx_word' id='word_1_24' title='bbox 612 695 700 754; x_wconf 81' lang='lat' dir='ltr'><strong>suerit</strong></span> <span class='ocrx_word' id='word_1_25' title='bbox 719 698 848 754; x_wconf 89' lang='lat' dir='ltr'><strong>omnium</strong></span> <span class='ocrx_word' id='word_1_26' title='bbox 861 698 957 774; x_wconf 92' lang='lat' dir='ltr'><strong>opinio</strong></span> <span class='ocrx_word' id='word_1_27' title='bbox 977 716 1088 768; x_wconf 89' lang='lat' dir='ltr'><strong>eorum,</strong></span> <span class='ocrx_word' id='word_1_28' title='bbox 1103 699 1155 774; x_wconf 91' lang='lat' dir='ltr'><strong>qui</strong></span> 
     </span>
     <span class='ocr_line' id='line_1_5' title="bbox 244 775 1155 853; baseline -0.001 -18"><span class='ocrx_word' id='word_1_29' title='bbox 244 787 306 853; x_wconf 83' lang='lat' dir='ltr'><strong>post</strong></span> <span class='ocrx_word' id='word_1_30' title='bbox 321 776 524 835; x_wconf 76' lang='lat' dir='ltr'><strong>Alexandrum</strong></span> <span class='ocrx_word' id='word_1_31' title='bbox 538 775 680 852; x_wconf 87' lang='lat' dir='ltr'><strong>Magnum</strong></span> <span class='ocrx_word' id='word_1_32' title='bbox 701 793 786 853; x_wconf 88' lang='lat' dir='ltr'><strong>reges</strong></span> <span class='ocrx_word' id='word_1_33' title='bbox 799 785 867 834; x_wconf 89' lang='lat' dir='ltr'><strong>sunt</strong></span> <span class='ocrx_word' id='word_1_34' title='bbox 887 777 1032 852; x_wconf 89' lang='lat' dir='ltr'><strong>appellati,</strong></span> <span class='ocrx_word' id='word_1_35' title='bbox 1048 795 1085 833; x_wconf 85' lang='lat' dir='ltr'><strong>ex</strong></span> <span class='ocrx_word' id='word_1_36' title='bbox 1099 777 1155 834; x_wconf 91' lang='lat' dir='ltr'><strong>hoc</strong></span> 
     </span>
     <span class='ocr_line' id='line_1_6' title="bbox 244 853 1154 932; baseline 0 -20"><span class='ocrx_word' id='word_1_37' title='bbox 244 855 383 913; x_wconf 84' lang='lat' dir='ltr'><strong>facillime</strong></span> <span class='ocrx_word' id='word_1_38' title='bbox 397 865 488 932; x_wconf 90' lang='lat' dir='ltr'><strong>potest</strong></span> <span class='ocrx_word' id='word_1_39' title='bbox 505 854 642 930; x_wconf 88' lang='lat' dir='ltr'><strong>judicari,</strong></span> <span class='ocrx_word' id='word_1_40' title='bbox 657 853 733 929; x_wconf 93' lang='lat' dir='ltr'><strong>quod</strong></span> <span class='ocrx_word' id='word_1_41' title='bbox 753 871 846 924; x_wconf 90' lang='lat' dir='ltr'><strong>nemo,</strong></span> <span class='ocrx_word' id='word_1_42' title='bbox 861 854 996 912; x_wconf 82' lang='lat' dir='ltr'><strong>Eumene</strong></span> <span class='ocrx_word' id='word_1_43' title='bbox 1011 855 1086 924; x_wconf 88' lang='lat' dir='ltr'><strong>vivo,</strong></span> <span class='ocrx_word' id='word_1_44' title='bbox 1102 873 1154 912; x_wconf 86' lang='lat' dir='ltr'><strong>rex</strong></span> 
     </span>
    </p>

    <p class='ocr_par' dir='ltr' id='par_1_4' title="bbox 204 930 1153 1404">
     <span class='ocr_line' id='line_1_7' title="bbox 204 930 1152 1010; baseline -0.001 -19"><span class='ocrx_word' id='word_1_45' title='bbox 204 936 223 992; x_wconf 66' lang='grc' dir='ltr'><strong><em>ὅ</em></strong></span> <span class='ocrx_word' id='word_1_46' title='bbox 245 934 407 1010; x_wconf 88' lang='lat' dir='ltr'><strong>appellatus</strong></span> <span class='ocrx_word' id='word_1_47' title='bbox 420 944 473 1004; x_wconf 90' lang='lat' dir='ltr'><strong>est,</strong></span> <span class='ocrx_word' id='word_1_48' title='bbox 482 933 533 991; x_wconf 84' lang='lat' dir='ltr'><strong>sed</strong></span> <span class='ocrx_word' id='word_1_49' title='bbox 547 930 719 1010; x_wconf 56' lang='lat' dir='ltr'><strong>praefectum</strong></span> <span class='ocrx_word' id='word_1_50' title='bbox 734 932 822 988; x_wconf 89' lang='lat' dir='ltr'><strong>iidem</strong></span> <span class='ocrx_word' id='word_1_51' title='bbox 836 941 898 1008; x_wconf 86' lang='lat' dir='ltr'><strong>post</strong></span> <span class='ocrx_word' id='word_1_52' title='bbox 911 932 1001 1008; x_wconf 87' lang='lat' dir='ltr'><strong>hujus</strong></span> <span class='ocrx_word' id='word_1_53' title='bbox 1013 951 1152 990; x_wconf 89' lang='lat' dir='ltr'><strong>occasum</strong></span> 
     </span>
     <span class='ocr_line' id='line_1_8' title="bbox 243 1013 1152 1088; baseline -0.001 -19"><span class='ocrx_word' id='word_1_54' title='bbox 243 1013 339 1070; x_wconf 91' lang='lat' dir='ltr'><strong>statim</strong></span> <span class='ocrx_word' id='word_1_55' title='bbox 364 1014 479 1088; x_wconf 88' lang='lat' dir='ltr'><strong>regium</strong></span> <span class='ocrx_word' id='word_1_56' title='bbox 502 1021 637 1069; x_wconf 80' lang='lat' dir='ltr'><strong>amatum</strong></span> <span class='ocrx_word' id='word_1_57' title='bbox 661 1027 823 1086; x_wconf 87' lang='lat' dir='ltr'><strong>nomenque</strong></span> <span class='ocrx_word' id='word_1_58' title='bbox 847 1021 1023 1080; x_wconf 79' lang='lat' dir='ltr'><strong>sumserunt,</strong></span> <span class='ocrx_word' id='word_1_59' title='bbox 1047 1029 1152 1086; x_wconf 90' lang='lat' dir='ltr'><strong>neque,</strong></span> 
     </span>
     <span class='ocr_line' id='line_1_9' title="bbox 242 1088 1153 1167; baseline -0.001 -20"><span class='ocrx_word' id='word_1_60' title='bbox 242 1091 320 1166; x_wconf 91' lang='lat' dir='ltr'><strong>quod</strong></span> <span class='ocrx_word' id='word_1_61' title='bbox 344 1091 427 1148; x_wconf 92' lang='lat' dir='ltr'><strong>initio</strong></span> <span class='ocrx_word' id='word_1_62' title='bbox 450 1090 652 1167; x_wconf 66' lang='lat' dir='ltr'><strong>predicarent,</strong></span> <span class='ocrx_word' id='word_1_63' title='bbox 675 1107 707 1146; x_wconf 88' lang='lat' dir='ltr'><strong>se</strong></span> <span class='ocrx_word' id='word_1_64' title='bbox 721 1088 885 1147; x_wconf 84' lang='lat' dir='ltr'><strong>Alexandri</strong></span> <span class='ocrx_word' id='word_1_65' title='bbox 908 1089 1008 1146; x_wconf 87' lang='lat' dir='ltr'><strong>liberis</strong></span> <span class='ocrx_word' id='word_1_66' title='bbox 1028 1108 1153 1166; x_wconf 88' lang='lat' dir='ltr'><strong>regnum</strong></span> 
     </span>
     <span class='ocr_line' id='line_1_10' title="bbox 242 1167 1151 1246; baseline -0.002 -20"><span class='ocrx_word' id='word_1_67' title='bbox 242 1167 370 1240; x_wconf 84' lang='lat' dir='ltr'><strong>servare,</strong></span> <span class='ocrx_word' id='word_1_68' title='bbox 385 1179 522 1246; x_wconf 73' lang='lat' dir='ltr'><strong>praestare</strong></span> <span class='ocrx_word' id='word_1_69' title='bbox 536 1169 699 1237; x_wconf 86' lang='lat' dir='ltr'><strong>voluerunt,</strong></span> <span class='ocrx_word' id='word_1_70' title='bbox 720 1177 757 1238; x_wconf 86' lang='lat' dir='ltr'><strong>et,</strong></span> <span class='ocrx_word' id='word_1_71' title='bbox 773 1186 831 1224; x_wconf 90' lang='lat' dir='ltr'><strong>uuo</strong></span> <span class='ocrx_word' id='word_1_72' title='bbox 853 1177 1063 1244; x_wconf 85' lang='lat' dir='ltr'><strong>propugnatore</strong></span> <span class='ocrx_word' id='word_1_73' title='bbox 1085 1169 1151 1224; x_wconf 88' lang='lat' dir='ltr'><strong>sub-</strong></span> 
     </span>
     <span class='ocr_line' id='line_1_11' title="bbox 243 1245 1152 1325; baseline -0.002 -21"><span class='ocrx_word' id='word_1_74' title='bbox 243 1247 310 1318; x_wconf 92' lang='lat' dir='ltr'><strong>lato,</strong></span> <span class='ocrx_word' id='word_1_75' title='bbox 325 1249 396 1325; x_wconf 92' lang='lat' dir='ltr'><strong>quid</strong></span> <span class='ocrx_word' id='word_1_76' title='bbox 409 1248 556 1317; x_wconf 82' lang='lat' dir='ltr'><strong>sentirent,</strong></span> <span class='ocrx_word' id='word_1_77' title='bbox 572 1257 758 1324; x_wconf 90' lang='lat' dir='ltr'><strong>aperuerunt.</strong></span> <span class='ocrx_word' id='word_1_78' title='bbox 801 1245 900 1320; x_wconf 88' lang='lat' dir='ltr'><strong>Hujus</strong></span> <span class='ocrx_word' id='word_1_79' title='bbox 914 1247 1033 1304; x_wconf 86' lang='lat' dir='ltr'><strong>sceleris</strong></span> <span class='ocrx_word' id='word_1_80' title='bbox 1047 1247 1152 1322; x_wconf 91' lang='lat' dir='ltr'><strong>princi-</strong></span> 
     </span>
     <span class='ocr_line' id='line_1_12' title="bbox 242 1323 1152 1404; baseline -0.002 -20"><span class='ocrx_word' id='word_1_81' title='bbox 242 1345 293 1402; x_wconf 88' lang='lat' dir='ltr'><strong>pes</strong></span> <span class='ocrx_word' id='word_1_82' title='bbox 315 1325 434 1386; x_wconf 82' lang='lat' dir='ltr'><strong>suerunt</strong></span> <span class='ocrx_word' id='word_1_83' title='bbox 455 1327 630 1404; x_wconf 85' lang='lat' dir='ltr'><strong>Antigonus,</strong></span> <span class='ocrx_word' id='word_1_84' title='bbox 652 1324 833 1394; x_wconf 79' lang='lat' dir='ltr'><strong>Ptolemaeus,</strong></span> <span class='ocrx_word' id='word_1_85' title='bbox 848 1324 1001 1394; x_wconf 82' lang='lat' dir='ltr'><strong>Seleucus,</strong></span> <span class='ocrx_word' id='word_1_86' title='bbox 1016 1323 1152 1400; x_wconf 82' lang='lat' dir='ltr'><strong>Lysima·</strong></span> 
     </span>
    </p>

    <p class='ocr_par' dir='ltr' id='par_1_5' title="bbox 203 1403 1154 1798">
     <span class='ocr_line' id='line_1_13' title="bbox 203 1403 1153 1482; baseline -0.002 -20"><span class='ocrx_word' id='word_1_87' title='bbox 203 1409 222 1462; x_wconf 84' lang='lat'>4</span> <span class='ocrx_word' id='word_1_88' title='bbox 242 1405 325 1476; x_wconf 90' lang='lat' dir='ltr'><strong>chus,</strong></span> <span class='ocrx_word' id='word_1_89' title='bbox 336 1405 510 1465; x_wconf 72' lang='lat' dir='ltr'><strong>Cassander.</strong></span> <span class='ocrx_word' id='word_1_90' title='bbox 546 1405 712 1482; x_wconf 76' lang='lat' dir='ltr'><strong>Antigonus</strong></span> <span class='ocrx_word' id='word_1_91' title='bbox 722 1413 820 1461; x_wconf 90' lang='lat' dir='ltr'><strong>autem</strong></span> <span class='ocrx_word' id='word_1_92' title='bbox 831 1403 996 1460; x_wconf 85' lang='lat' dir='ltr'><strong>Eumenem</strong></span> <span class='ocrx_word' id='word_1_93' title='bbox 1006 1413 1153 1460; x_wconf 85' lang='lat' dir='ltr'><strong>mortuum</strong></span> 
     </span>
     <span class='ocr_line' id='line_1_14' title="bbox 243 1481 1152 1562; baseline -0.003 -20"><span class='ocrx_word' id='word_1_94' title='bbox 243 1486 411 1562; x_wconf 84' lang='lat' dir='ltr'><strong>propinquis</strong></span> <span class='ocrx_word' id='word_1_95' title='bbox 432 1484 497 1560; x_wconf 87' lang='lat' dir='ltr'><strong>ejus</strong></span> <span class='ocrx_word' id='word_1_96' title='bbox 510 1483 709 1559; x_wconf 87' lang='lat' dir='ltr'><strong>sepeliendum</strong></span> <span class='ocrx_word' id='word_1_97' title='bbox 732 1481 860 1540; x_wconf 81' lang='lat' dir='ltr'><strong>tradidit.</strong></span> <span class='ocrx_word' id='word_1_98' title='bbox 903 1481 944 1538; x_wconf 95' lang='lat' dir='ltr'><strong>Hi</strong></span> <span class='ocrx_word' id='word_1_99' title='bbox 968 1483 1088 1539; x_wconf 92' lang='lat' dir='ltr'><strong>militari</strong></span> <span class='ocrx_word' id='word_1_100' title='bbox 1103 1481 1152 1539; x_wconf 91' lang='lat' dir='ltr'><strong>ho·</strong></span> 
     </span>
     <span class='ocr_line' id='line_1_15' title="bbox 243 1561 1153 1632; baseline -0.002 -12"><span class='ocrx_word' id='word_1_101' title='bbox 243 1575 326 1622; x_wconf 90' lang='lat' dir='ltr'><strong>nesto</strong></span> <span class='ocrx_word' id='word_1_102' title='bbox 359 1563 472 1632; x_wconf 84' lang='lat' dir='ltr'><strong>funere,</strong></span> <span class='ocrx_word' id='word_1_103' title='bbox 500 1563 656 1620; x_wconf 90' lang='lat' dir='ltr'><strong>comitante</strong></span> <span class='ocrx_word' id='word_1_104' title='bbox 689 1571 747 1620; x_wconf 92' lang='lat' dir='ltr'><strong>toto</strong></span> <span class='ocrx_word' id='word_1_105' title='bbox 777 1561 918 1630; x_wconf 85' lang='lat' dir='ltr'><strong>exercitu,</strong></span> <span class='ocrx_word' id='word_1_106' title='bbox 948 1561 1153 1630; x_wconf 89' lang='lat' dir='ltr'><strong>humaverunt,</strong></span> 
     </span>
     <span class='ocr_line' id='line_1_16' title="bbox 242 1640 1154 1720; baseline -0.005 -19"><span class='ocrx_word' id='word_1_107' title='bbox 242 1661 366 1720; x_wconf 78' lang='lat' dir='ltr'><strong>ossaque</strong></span> <span class='ocrx_word' id='word_1_108' title='bbox 381 1643 445 1719; x_wconf 86' lang='lat' dir='ltr'><strong>ejus</strong></span> <span class='ocrx_word' id='word_1_109' title='bbox 458 1643 488 1698; x_wconf 91' lang='lat' dir='ltr'><strong>in</strong></span> <span class='ocrx_word' id='word_1_110' title='bbox 503 1641 718 1717; x_wconf 81' lang='lat' dir='ltr'><strong>Cappadociam</strong></span> <span class='ocrx_word' id='word_1_111' title='bbox 733 1640 769 1698; x_wconf 88' lang='lat' dir='ltr'><strong>ad</strong></span> <span class='ocrx_word' id='word_1_112' title='bbox 791 1649 913 1697; x_wconf 90' lang='lat' dir='ltr'><strong>matrem</strong></span> <span class='ocrx_word' id='word_1_113' title='bbox 929 1648 1016 1716; x_wconf 89' lang='lat' dir='ltr'><strong>atque</strong></span> <span class='ocrx_word' id='word_1_114' title='bbox 1031 1655 1154 1696; x_wconf 83' lang='lat' dir='ltr'><strong>uxorem</strong></span> 
     </span>
     <span class='ocr_line' id='line_1_17' title="bbox 243 1718 842 1798; baseline -0.003 -21"><span class='ocrx_word' id='word_1_115' title='bbox 243 1720 407 1798; x_wconf 86' lang='lat' dir='ltr'><strong>liberosque</strong></span> <span class='ocrx_word' id='word_1_116' title='bbox 415 1721 486 1796; x_wconf 82' lang='lat' dir='ltr'><strong>,ejus</strong></span> <span class='ocrx_word' id='word_1_117' title='bbox 499 1718 677 1796; x_wconf 90' lang='lat' dir='ltr'><strong>deportanda</strong></span> <span class='ocrx_word' id='word_1_118' title='bbox 690 1728 842 1777; x_wconf 91' lang='lat' dir='ltr'><strong>curarunt.</strong></span> 
     </span>
    </p>
   </div>
   <div class='ocr_carea' id='block_1_3' title="bbox 527 1949 883 1960">
    <p class='ocr_par' dir='ltr' id='par_1_6' title="bbox 527 1949 883 1960">
     <span class='ocr_line' id='line_1_18' title="bbox 527 1949 883 1960; baseline 0 0"><span class='ocrx_word' id='word_1_119' title='bbox 527 1949 883 1960; x_wconf 71' lang='lat' dir='ltr'>—n-——n—</span> 
     </span>
    </p>
   </div>
   <div class='ocr_carea' id='block_1_4' title="bbox 431 2125 959 2200">
    <p class='ocr_par' dir='ltr' id='par_1_7' title="bbox 431 2125 959 2200">
     <span class='ocr_line' id='line_1_19' title="bbox 431 2125 959 2200; baseline 0.004 -2"><span class='ocrx_word' id='word_1_120' title='bbox 431 2125 571 2198; x_wconf 91' lang='lat' dir='ltr'><strong>XIX.</strong></span> <span class='ocrx_word' id='word_1_121' title='bbox 626 2125 959 2200; x_wconf 88' lang='lat' dir='ltr'><strong>PHOCION.</strong></span> 
     </span>
    </p>
   </div>
   <div class='ocr_carea' id='block_1_5' title="bbox 202 2423 1156 3605">
    <p class='ocr_par' dir='ltr' id='par_1_8' title="bbox 205 2423 1156 2739">
     <span class='ocr_line' id='line_1_20' title="bbox 205 2423 1156 2504; baseline 0.001 -20"><span class='ocrx_word' id='word_1_122' title='bbox 205 2429 220 2484; x_wconf 89' lang='lat' dir='ltr'><strong>i</strong></span> <span class='ocrx_word' id='word_1_123' title='bbox 283 2425 307 2484; x_wconf 91' lang='grc'><strong>1.</strong></span> <span class='ocrx_word' id='word_1_124' title='bbox 329 2423 464 2496; x_wconf 75' lang='lat' dir='ltr'><strong>Phocion,</strong></span> <span class='ocrx_word' id='word_1_125' title='bbox 480 2423 669 2497; x_wconf 57' lang='lat' dir='ltr'><strong>Athenienses,</strong></span> <span class='ocrx_word' id='word_1_126' title='bbox 685 2427 738 2484; x_wconf 85' lang='lat' dir='ltr'><strong>etsi</strong></span> <span class='ocrx_word' id='word_1_127' title='bbox 758 2445 834 2502; x_wconf 78' lang='lat' dir='ltr'><strong>saepe</strong></span> <span class='ocrx_word' id='word_1_128' title='bbox 848 2426 1024 2484; x_wconf 87' lang='lat' dir='ltr'><strong>exercitibus</strong></span> <span class='ocrx_word' id='word_1_129' title='bbox 1038 2425 1156 2504; x_wconf 83' lang='lat' dir='ltr'><strong>praelurt</strong></span> 
     </span>
     <span class='ocr_line' id='line_1_21' title="bbox 243 2505 1155 2582; baseline 0.002 -20"><span class='ocrx_word' id='word_1_130' title='bbox 243 2523 430 2580; x_wconf 89' lang='lat' dir='ltr'><strong>summosque</strong></span> <span class='ocrx_word' id='word_1_131' title='bbox 452 2506 638 2582; x_wconf 86' lang='lat' dir='ltr'><strong>magistratus</strong></span> <span class='ocrx_word' id='word_1_132' title='bbox 658 2505 744 2580; x_wconf 91' lang='lat' dir='ltr'><strong>cepit,</strong></span> <span class='ocrx_word' id='word_1_133' title='bbox 765 2514 863 2562; x_wconf 88' lang='lat' dir='ltr'><strong>tamen</strong></span> <span class='ocrx_word' id='word_1_134' title='bbox 877 2505 969 2562; x_wconf 88' lang='lat' dir='ltr'><strong>multo</strong></span> <span class='ocrx_word' id='word_1_135' title='bbox 982 2505 1046 2581; x_wconf 91' lang='lat' dir='ltr'><strong>ejus</strong></span> <span class='ocrx_word' id='word_1_136' title='bbox 1059 2506 1155 2564; x_wconf 88' lang='lat' dir='ltr'><strong>notior</strong></span> 
     </span>
     <span class='ocr_line' id='line_1_22' title="bbox 243 2583 1154 2660; baseline 0.005 -21"><span class='ocrx_word' id='word_1_137' title='bbox 243 2584 394 2660; x_wconf 88' lang='lat' dir='ltr'><strong>integritas</strong></span> <span class='ocrx_word' id='word_1_138' title='bbox 409 2585 484 2654; x_wconf 78' lang='lat' dir='ltr'><strong>vitre,</strong></span> <span class='ocrx_word' id='word_1_139' title='bbox 499 2602 588 2660; x_wconf 91' lang='lat' dir='ltr'><strong>quam</strong></span> <span class='ocrx_word' id='word_1_140' title='bbox 603 2583 646 2641; x_wconf 90' lang='lat' dir='ltr'><strong>rei</strong></span> <span class='ocrx_word' id='word_1_141' title='bbox 667 2584 800 2641; x_wconf 83' lang='lat' dir='ltr'><strong>militaris</strong></span> <span class='ocrx_word' id='word_1_142' title='bbox 815 2583 905 2641; x_wconf 86' lang='lat' dir='ltr'><strong>labor.</strong></span> <span class='ocrx_word' id='word_1_143' title='bbox 947 2583 1049 2660; x_wconf 90' lang='lat' dir='ltr'><strong>Itaque</strong></span> <span class='ocrx_word' id='word_1_144' title='bbox 1063 2583 1154 2660; x_wconf 85' lang='lat' dir='ltr'><strong>hujus</strong></span> 
     </span>
     <span class='ocr_line' id='line_1_23' title="bbox 243 2661 1153 2739; baseline 0.004 -21"><span class='ocrx_word' id='word_1_145' title='bbox 243 2663 383 2720; x_wconf 88' lang='lat' dir='ltr'><strong>memoria</strong></span> <span class='ocrx_word' id='word_1_146' title='bbox 396 2672 440 2720; x_wconf 89' lang='lat' dir='ltr'><strong>est</strong></span> <span class='ocrx_word' id='word_1_147' title='bbox 461 2662 552 2732; x_wconf 88' lang='lat' dir='ltr'><strong>nulla,</strong></span> <span class='ocrx_word' id='word_1_148' title='bbox 574 2662 654 2720; x_wconf 89' lang='lat' dir='ltr'><strong>illius</strong></span> <span class='ocrx_word' id='word_1_149' title='bbox 676 2673 774 2720; x_wconf 92' lang='lat' dir='ltr'><strong>autem</strong></span> <span class='ocrx_word' id='word_1_150' title='bbox 795 2681 902 2738; x_wconf 87' lang='lat' dir='ltr'><strong>magna</strong></span> <span class='ocrx_word' id='word_1_151' title='bbox 926 2661 1022 2720; x_wconf 89' lang='lat' dir='ltr'><strong>sama:</strong></span> <span class='ocrx_word' id='word_1_152' title='bbox 1043 2682 1081 2720; x_wconf 87' lang='lat' dir='ltr'><strong>ex</strong></span> <span class='ocrx_word' id='word_1_153' title='bbox 1094 2681 1153 2739; x_wconf 93' lang='lat' dir='ltr'><strong>quo</strong></span> 
     </span>
    </p>

    <p class='ocr_par' dir='ltr' id='par_1_9' title="bbox 203 2740 1153 2976">
     <span class='ocr_line' id='line_1_24' title="bbox 203 2740 1153 2819; baseline 0.003 -23"><span class='ocrx_word' id='word_1_154' title='bbox 203 2744 222 2796; x_wconf 84' lang='lat'>2</span> <span class='ocrx_word' id='word_1_155' title='bbox 243 2740 412 2816; x_wconf 88' lang='lat' dir='ltr'><strong>cognomina</strong></span> <span class='ocrx_word' id='word_1_156' title='bbox 434 2740 534 2798; x_wconf 88' lang='lat' dir='ltr'><strong>Bonus</strong></span> <span class='ocrx_word' id='word_1_157' title='bbox 554 2750 598 2798; x_wconf 89' lang='lat' dir='ltr'><strong>est</strong></span> <span class='ocrx_word' id='word_1_158' title='bbox 619 2741 791 2817; x_wconf 87' lang='lat' dir='ltr'><strong>appellatus.</strong></span> <span class='ocrx_word' id='word_1_159' title='bbox 832 2741 901 2798; x_wconf 88' lang='lat' dir='ltr'><strong>Fuit</strong></span> <span class='ocrx_word' id='word_1_160' title='bbox 921 2743 999 2799; x_wconf 88' lang='lat' dir='ltr'><strong>enirn</strong></span> <span class='ocrx_word' id='word_1_161' title='bbox 1013 2751 1153 2819; x_wconf 87' lang='lat' dir='ltr'><strong>perpetuo</strong></span> 
     </span>
     <span class='ocr_line' id='line_1_25' title="bbox 243 2819 1153 2896; baseline 0.007 -23"><span class='ocrx_word' id='word_1_162' title='bbox 243 2835 361 2893; x_wconf 88' lang='lat' dir='ltr'><strong>pauper,</strong></span> <span class='ocrx_word' id='word_1_163' title='bbox 371 2837 462 2893; x_wconf 91' lang='lat' dir='ltr'><strong>quum</strong></span> <span class='ocrx_word' id='word_1_164' title='bbox 476 2819 665 2877; x_wconf 88' lang='lat' dir='ltr'><strong>divitissimus</strong></span> <span class='ocrx_word' id='word_1_165' title='bbox 675 2839 738 2878; x_wconf 86' lang='lat' dir='ltr'><strong>esse</strong></span> <span class='ocrx_word' id='word_1_166' title='bbox 752 2829 847 2896; x_wconf 85' lang='lat' dir='ltr'><strong>posset</strong></span> <span class='ocrx_word' id='word_1_167' title='bbox 860 2829 976 2896; x_wconf 92' lang='lat' dir='ltr'><strong>propter</strong></span> <span class='ocrx_word' id='word_1_168' title='bbox 985 2819 1153 2896; x_wconf 83' lang='lat' dir='ltr'><strong>frequentes</strong></span> 
     </span>
     <span class='ocr_line' id='line_1_26' title="bbox 242 2894 1153 2976; baseline 0.007 -25"><span class='ocrx_word' id='word_1_169' title='bbox 242 2894 351 2953; x_wconf 90' lang='lat' dir='ltr'><strong>delatos</strong></span> <span class='ocrx_word' id='word_1_170' title='bbox 365 2897 488 2954; x_wconf 86' lang='lat' dir='ltr'><strong>honores</strong></span> <span class='ocrx_word' id='word_1_171' title='bbox 507 2907 718 2974; x_wconf 81' lang='lat' dir='ltr'><strong>potestatesque</strong></span> <span class='ocrx_word' id='word_1_172' title='bbox 732 2917 870 2969; x_wconf 89' lang='lat' dir='ltr'><strong>summas,</strong></span> <span class='ocrx_word' id='word_1_173' title='bbox 885 2917 951 2974; x_wconf 85' lang='lat' dir='ltr'><strong>quae</strong></span> <span class='ocrx_word' id='word_1_174' title='bbox 969 2899 997 2956; x_wconf 89' lang='lat' dir='ltr'><strong>ei</strong></span> <span class='ocrx_word' id='word_1_175' title='bbox 1016 2918 1033 2956; x_wconf 91' lang='lat' dir='ltr'><strong>a</strong></span> <span class='ocrx_word' id='word_1_176' title='bbox 1047 2899 1153 2976; x_wconf 91' lang='lat' dir='ltr'><strong>populo</strong></span> 
     </span>
    </p>

    <p class='ocr_par' dir='ltr' id='par_1_10' title="bbox 203 2972 1153 3290">
     <span class='ocr_line' id='line_1_27' title="bbox 203 2972 1153 3055; baseline 0.004 -23"><span class='ocrx_word' id='word_1_177' title='bbox 203 2981 221 3032; x_wconf 77' lang='lat'><strong>³</strong></span> <span class='ocrx_word' id='word_1_178' title='bbox 242 2972 395 3032; x_wconf 86' lang='lat' dir='ltr'><strong>dabantur.</strong></span> <span class='ocrx_word' id='word_1_179' title='bbox 438 2974 498 3032; x_wconf 90' lang='lat' dir='ltr'><strong>Hic</strong></span> <span class='ocrx_word' id='word_1_180' title='bbox 518 2994 610 3051; x_wconf 92' lang='lat' dir='ltr'><strong>quum</strong></span> <span class='ocrx_word' id='word_1_181' title='bbox 625 2996 643 3034; x_wconf 92' lang='lat' dir='ltr'><strong>a</strong></span> <span class='ocrx_word' id='word_1_182' title='bbox 657 2995 726 3054; x_wconf 88' lang='lat' dir='ltr'><strong>rege</strong></span> <span class='ocrx_word' id='word_1_183' title='bbox 748 2976 880 3053; x_wconf 91' lang='lat' dir='ltr'><strong>Philippo</strong></span> <span class='ocrx_word' id='word_1_184' title='bbox 894 2996 1018 3036; x_wconf 89' lang='lat' dir='ltr'><strong>munera</strong></span> <span class='ocrx_word' id='word_1_185' title='bbox 1037 2995 1153 3055; x_wconf 77' lang='lat' dir='ltr'><strong>magnae</strong></span> 
     </span>
     <span class='ocr_line' id='line_1_28' title="bbox 242 3051 1151 3134; baseline 0.006 -25"><span class='ocrx_word' id='word_1_186' title='bbox 242 3054 375 3128; x_wconf 84' lang='lat' dir='ltr'><strong>pecuniae</strong></span> <span class='ocrx_word' id='word_1_187' title='bbox 389 3053 563 3130; x_wconf 87' lang='lat' dir='ltr'><strong>repudiaret,</strong></span> <span class='ocrx_word' id='word_1_188' title='bbox 580 3051 726 3131; x_wconf 86' lang='lat' dir='ltr'><strong>legatique</strong></span> <span class='ocrx_word' id='word_1_189' title='bbox 747 3057 930 3114; x_wconf 88' lang='lat' dir='ltr'><strong>hortarentur</strong></span> <span class='ocrx_word' id='word_1_190' title='bbox 948 3057 1091 3134; x_wconf 88' lang='lat' dir='ltr'><strong>accipere,</strong></span> <span class='ocrx_word' id='word_1_191' title='bbox 1113 3058 1151 3114; x_wconf 89' lang='lat' dir='ltr'><strong>si-</strong></span> 
     </span>
     <span class='ocr_line' id='line_1_29' title="bbox 242 3131 1152 3210; baseline 0.008 -24"><span class='ocrx_word' id='word_1_192' title='bbox 242 3131 362 3208; x_wconf 88' lang='lat' dir='ltr'><strong>mulque</strong></span> <span class='ocrx_word' id='word_1_193' title='bbox 386 3133 580 3204; x_wconf 88' lang='lat' dir='ltr'><strong>admonerent,</strong></span> <span class='ocrx_word' id='word_1_194' title='bbox 596 3135 620 3191; x_wconf 87' lang='lat' dir='ltr'><strong>si</strong></span> <span class='ocrx_word' id='word_1_195' title='bbox 642 3135 704 3210; x_wconf 88' lang='lat' dir='ltr'><strong>ipse</strong></span> <span class='ocrx_word' id='word_1_196' title='bbox 726 3135 771 3191; x_wconf 93' lang='lat' dir='ltr'><strong>his</strong></span> <span class='ocrx_word' id='word_1_197' title='bbox 797 3133 883 3193; x_wconf 79' lang='lat' dir='ltr'><strong>facile</strong></span> <span class='ocrx_word' id='word_1_198' title='bbox 905 3145 1029 3204; x_wconf 85' lang='lat' dir='ltr'><strong>careret,</strong></span> <span class='ocrx_word' id='word_1_199' title='bbox 1051 3136 1152 3194; x_wconf 88' lang='lat' dir='ltr'><strong>liberis</strong></span> 
     </span>
     <span class='ocr_line' id='line_1_30' title="bbox 241 3211 1152 3290; baseline 0.004 -24"><span class='ocrx_word' id='word_1_200' title='bbox 241 3219 339 3267; x_wconf 89' lang='lat' dir='ltr'><strong>tamen</strong></span> <span class='ocrx_word' id='word_1_201' title='bbox 352 3212 413 3269; x_wconf 84' lang='lat' dir='ltr'><strong>auis</strong></span> <span class='ocrx_word' id='word_1_202' title='bbox 435 3213 618 3288; x_wconf 87' lang='lat' dir='ltr'><strong>prospiceret,</strong></span> <span class='ocrx_word' id='word_1_203' title='bbox 634 3214 739 3290; x_wconf 90' lang='lat' dir='ltr'><strong>quibus</strong></span> <span class='ocrx_word' id='word_1_204' title='bbox 761 3211 878 3271; x_wconf 90' lang='lat' dir='ltr'><strong>difficile</strong></span> <span class='ocrx_word' id='word_1_205' title='bbox 894 3224 970 3272; x_wconf 84' lang='lat' dir='ltr'><strong>esset</strong></span> <span class='ocrx_word' id='word_1_206' title='bbox 992 3215 1022 3271; x_wconf 90' lang='lat' dir='ltr'><strong>in</strong></span> <span class='ocrx_word' id='word_1_207' title='bbox 1036 3233 1152 3271; x_wconf 88' lang='lat' dir='ltr'><strong>summa</strong></span> 
     </span>
    </p>

    <p class='ocr_par' dir='ltr' id='par_1_11' title="bbox 202 3293 1152 3605">
     <span class='ocr_line' id='line_1_31' title="bbox 202 3293 1150 3369; baseline 0.002 -21"><span class='ocrx_word' id='word_1_208' title='bbox 202 3295 221 3348; x_wconf 81' lang='lat'>4</span> <span class='ocrx_word' id='word_1_209' title='bbox 242 3299 411 3364; x_wconf 89' lang='lat' dir='ltr'><strong>paupertate</strong></span> <span class='ocrx_word' id='word_1_210' title='bbox 435 3300 545 3353; x_wconf 89' lang='lat' dir='ltr'><strong>tantam</strong></span> <span class='ocrx_word' id='word_1_211' title='bbox 569 3302 719 3369; x_wconf 84' lang='lat' dir='ltr'><strong>paternam</strong></span> <span class='ocrx_word' id='word_1_212' title='bbox 744 3293 820 3350; x_wconf 90' lang='lat' dir='ltr'><strong>tueri</strong></span> <span class='ocrx_word' id='word_1_213' title='bbox 844 3293 986 3369; x_wconf 86' lang='lat' dir='ltr'><strong>gloriam:</strong></span> <span class='ocrx_word' id='word_1_214' title='bbox 1018 3293 1064 3350; x_wconf 92' lang='lat' dir='ltr'><strong>his</strong></span> <span class='ocrx_word' id='word_1_215' title='bbox 1088 3293 1150 3362; x_wconf 88' lang='lat' dir='ltr'><strong>ille,</strong></span> 
     </span>
     <span class='ocr_line' id='line_1_32' title="bbox 241 3368 1150 3447; baseline 0.003 -23"><span class='ocrx_word' id='word_1_216' title='bbox 241 3368 268 3424; x_wconf 78' lang='lat' dir='ltr'><strong>ri</strong></span> <span class='ocrx_word' id='word_1_217' title='bbox 290 3369 345 3426; x_wconf 80' lang='lat' dir='ltr'><strong>mei</strong></span> <span class='ocrx_word' id='word_1_218' title='bbox 363 3369 469 3426; x_wconf 76' lang='lat' dir='ltr'><strong>similes</strong></span> <span class='ocrx_word' id='word_1_219' title='bbox 489 3380 577 3440; x_wconf 81' lang='lat' dir='ltr'><strong>erent,</strong></span> <span class='ocrx_word' id='word_1_220' title='bbox 592 3373 665 3430; x_wconf 64' lang='lat' dir='ltr'><strong>wem</strong></span> <span class='ocrx_word' id='word_1_221' title='bbox 678 3372 732 3441; x_wconf 82' lang='lat' dir='ltr'><strong>bio,</strong></span> <span class='ocrx_word' id='word_1_222' title='bbox 748 3372 849 3446; x_wconf 91' lang='lat' dir='ltr'><strong>inquit,</strong></span> <span class='ocrx_word' id='word_1_223' title='bbox 864 3373 974 3447; x_wconf 81' lang='lat' dir='ltr'><strong>ugellus</strong></span> <span class='ocrx_word' id='word_1_224' title='bbox 997 3373 1062 3429; x_wconf 80' lang='lat' dir='ltr'><strong>iilos</strong></span> <span class='ocrx_word' id='word_1_225' title='bbox 1085 3372 1150 3440; x_wconf 80' lang='lat' dir='ltr'><strong>alat,</strong></span> 
     </span>
     <span class='ocr_line' id='line_1_33' title="bbox 241 3447 1152 3524; baseline 0.005 -21"><span class='ocrx_word' id='word_1_226' title='bbox 241 3447 289 3521; x_wconf 85' lang='lat' dir='ltr'><strong>qni</strong></span> <span class='ocrx_word' id='word_1_227' title='bbox 302 3465 343 3504; x_wconf 85' lang='lat' dir='ltr'><strong>me</strong></span> <span class='ocrx_word' id='word_1_228' title='bbox 358 3448 396 3504; x_wconf 84' lang='lat' dir='ltr'><strong>ad</strong></span> <span class='ocrx_word' id='word_1_229' title='bbox 410 3447 481 3505; x_wconf 83' lang='lat' dir='ltr'><strong>bono</strong></span> <span class='ocrx_word' id='word_1_230' title='bbox 502 3450 662 3524; x_wconf 69' lang='lat' dir='ltr'><strong>dignitatem</strong></span> <span class='ocrx_word' id='word_1_231' title='bbox 679 3452 835 3524; x_wconf 48' lang='lat' dir='ltr'><strong>perdant&amp;</strong></span> <span class='ocrx_word' id='word_1_232' title='bbox 855 3454 901 3508; x_wconf 77' lang='lat' dir='ltr'><strong>ein</strong></span> <span class='ocrx_word' id='word_1_233' title='bbox 920 3451 1072 3508; x_wconf 72' lang='lat' dir='ltr'><strong>dissimiles</strong></span> <span class='ocrx_word' id='word_1_234' title='bbox 1085 3459 1152 3508; x_wconf 82' lang='lat' dir='ltr'><strong>runt</strong></span> 
     </span>
     <span class='ocr_line' id='line_1_34' title="bbox 241 3522 1149 3605; baseline 0.004 -24"><span class='ocrx_word' id='word_1_235' title='bbox 241 3522 349 3602; x_wconf 61' lang='lat' dir='ltr'><strong>sutum,</strong></span> <span class='ocrx_word' id='word_1_236' title='bbox 360 3527 424 3584; x_wconf 83' lang='lat' dir='ltr'><strong>nolo</strong></span> <span class='ocrx_word' id='word_1_237' title='bbox 437 3529 506 3586; x_wconf 76' lang='lat' dir='ltr'><strong>mets</strong></span> <span class='ocrx_word' id='word_1_238' title='bbox 515 3530 647 3602; x_wconf 72' lang='lat' dir='ltr'><strong>impensis</strong></span> <span class='ocrx_word' id='word_1_239' title='bbox 660 3531 771 3587; x_wconf 72' lang='lat' dir='ltr'><strong>tibrum</strong></span> <span class='ocrx_word' id='word_1_240' title='bbox 784 3531 825 3586; x_wconf 85' lang='lat' dir='ltr'><strong>ali</strong></span> <span class='ocrx_word' id='word_1_241' title='bbox 837 3532 988 3605; x_wconf 80' lang='lat' dir='ltr'><strong>augerique</strong></span> <span class='ocrx_word' id='word_1_242' title='bbox 999 3531 1149 3586; x_wconf 68' lang='lat' dir='ltr'><strong>luxuriam.</strong></span> 
     </span>
    </p>
   </div>
   <div class='ocr_carea' id='block_1_6' title="bbox 202 3602 1150 3841">
    <p class='ocr_par' dir='ltr' id='par_1_12' title="bbox 202 3602 1150 3841">
     <span class='ocr_line' id='line_1_35' title="bbox 203 3602 1149 3686; baseline 0.002 -24"><span class='ocrx_word' id='word_1_243' title='bbox 203 3607 219 3662; x_wconf 88' lang='lat'>1</span> <span class='ocrx_word' id='word_1_244' title='bbox 281 3602 320 3662; x_wconf 93' lang='grc' dir='ltr'><strong>ΙΙ.</strong></span> <span class='ocrx_word' id='word_1_245' title='bbox 342 3603 422 3663; x_wconf 89' lang='lat' dir='ltr'><strong>Idem</strong></span> <span class='ocrx_word' id='word_1_246' title='bbox 442 3623 534 3682; x_wconf 90' lang='lat' dir='ltr'><strong>quum</strong></span> <span class='ocrx_word' id='word_1_247' title='bbox 558 3625 644 3682; x_wconf 91' lang='lat' dir='ltr'><strong>prope</strong></span> <span class='ocrx_word' id='word_1_248' title='bbox 659 3608 695 3665; x_wconf 92' lang='lat' dir='ltr'><strong>ad</strong></span> <span class='ocrx_word' id='word_1_249' title='bbox 719 3625 827 3665; x_wconf 86' lang='lat' dir='ltr'><strong>annum</strong></span> <span class='ocrx_word' id='word_1_250' title='bbox 841 3608 1051 3686; x_wconf 88' lang='lat' dir='ltr'><strong>octogesimum</strong></span> <span class='ocrx_word' id='word_1_251' title='bbox 1071 3625 1149 3684; x_wconf 83' lang='lat' dir='ltr'><strong>proe-</strong></span> 
     </span>
     <span class='ocr_line' id='line_1_36' title="bbox 241 3683 1150 3763; baseline 0.004 -25"><span class='ocrx_word' id='word_1_252' title='bbox 241 3699 311 3758; x_wconf 86' lang='lat' dir='ltr'><strong>pera</strong></span> <span class='ocrx_word' id='word_1_253' title='bbox 326 3685 503 3758; x_wconf 83' lang='lat' dir='ltr'><strong>pervenisset</strong></span> <span class='ocrx_word' id='word_1_254' title='bbox 523 3683 647 3756; x_wconf 89' lang='lat' dir='ltr'><strong>fortuna,</strong></span> <span class='ocrx_word' id='word_1_255' title='bbox 662 3687 799 3744; x_wconf 86' lang='lat' dir='ltr'><strong>extremis</strong></span> <span class='ocrx_word' id='word_1_256' title='bbox 819 3687 996 3762; x_wconf 87' lang='lat' dir='ltr'><strong>temporibus</strong></span> <span class='ocrx_word' id='word_1_257' title='bbox 1009 3704 1150 3763; x_wconf 84' lang='lat' dir='ltr'><strong>magnum</strong></span> 
     </span>
     <span class='ocr_line' id='line_1_37' title="bbox 202 3759 1150 3841; baseline 0.004 -23"><span class='ocrx_word' id='word_1_258' title='bbox 202 3759 272 3819; x_wconf 63' lang='lat' dir='ltr'><strong>tin</strong></span> <span class='ocrx_word' id='word_1_259' title='bbox 292 3759 390 3820; x_wconf 90' lang='lat' dir='ltr'><strong>odium</strong></span> <span class='ocrx_word' id='word_1_260' title='bbox 412 3763 544 3840; x_wconf 85' lang='lat' dir='ltr'><strong>pervenit</strong></span> <span class='ocrx_word' id='word_1_261' title='bbox 563 3781 682 3822; x_wconf 84' lang='lat' dir='ltr'><strong>suorum</strong></span> <span class='ocrx_word' id='word_1_262' title='bbox 696 3764 816 3823; x_wconf 90' lang='lat' dir='ltr'><strong>civium.</strong></span> <span class='ocrx_word' id='word_1_263' title='bbox 859 3763 965 3834; x_wconf 88' lang='lat' dir='ltr'><strong>Primo,</strong></span> <span class='ocrx_word' id='word_1_264' title='bbox 979 3763 1057 3841; x_wconf 88' lang='lat' dir='ltr'><strong>quod</strong></span> <span class='ocrx_word' id='word_1_265' title='bbox 1079 3783 1150 3823; x_wconf 90' lang='lat' dir='ltr'><strong>cum</strong></span> 
     </span>
    </p>
   </div>
   <div class='ocr_carea' id='block_1_7' title="bbox 0 0 1344 4304">
    <p class='ocr_par' dir='ltr' id='par_1_13' title="bbox 0 0 1344 4304">
     <span class='ocr_line' id='line_1_38' title="bbox 0 0 1344 4304; baseline 0 3"><span class='ocrx_word' id='word_1_266' title='bbox 0 0 1344 4304; x_wconf 95' lang='lat' dir='ltr'><strong> </strong></span> 
     </span>
    </p>
   </div>
  </div>
 </body>
</html>
