2692 4306
408 341 500 406 XIV.
543 347 574 418 7,
589 347 620 404 8.
663 343 849 422 (Datames.)
1033 352 1077 412 ⁵⁷

184 499 279 550 tantm
294 489 438 548 Datames
451 488 578 546 invadit:
600 489 692 564 primo
711 489 821 564 impetu
838 490 932 564 pellit,
944 490 1092 568 fugisutes

180 567 378 644 persequor,
404 567 509 626 nultos
537 567 682 638 moerficit,
710 577 807 624 casos
841 567 968 628 msam
1002 571 1090 648 capit.

180 645 250 704 Tali
276 645 405 704 consilio
431 662 489 702 uno
511 655 641 720 tempore
665 655 695 702 et
716 645 878 720 proditores
903 648 1047 738 perculit·
1060 655 1130 708 stu

178 722 286 782 hostes
299 724 474 799 profligarit,
487 733 526 792 et,
538 722 615 796 quod
633 723 671 780 ad
689 724 851 799 perniciem
869 723 963 784 fuerat
981 738 1091 804 cogita·

178 812 252 874 tum,
265 801 298 860 id
311 801 350 858 sd
363 803 487 859 salutem
501 800 651 858 convertit.
690 801 863 877 Quousque
877 804 990 862 sentim
1002 805 1090 864 ullius

176 880 367 956 imperatoris
392 879 556 955 cogitatum
575 898 671 956 neque
695 880 822 940 celerius
844 881 952 940 factum
969 901 1090 958 usquam

175 958 208 1016 le
234 958 241 968 ’
273 977 321 1016 us.

210 977 435 1094 3311AEth
449 1035 623 1094 tamenviro
637 1036 1125 1111 Scismas,maximonstufilius‚l

176 1113 302 1184 desciit,
312 1114 350 1172 ad
357 1133 513 1190 regemque
524 1114 646 1186 transiit,
654 1126 684 1172 et
693 1115 730 1174 de
739 1116 903 1174 desectione
909 1117 1000 1192 patris
1008 1117 1090 1176 detu-

176 1194 227 1250 lit.
263 1193 331 1260 Quo
343 1193 445 1250 nuntio
460 1194 636 1250 Artaxerxes
649 1195 1090 1272 commotus‚qoodrntelligebat

179 1271 242 1328 sibi
256 1289 324 1329 cum
336 1271 399 1328 viro
411 1270 478 1328 sorti
491 1290 527 1328 oc
541 1281 659 1330 sueouo
671 1271 819 1348 negotium
837 1292 916 1344 esse,
928 1273 989 1349 qui,
1002 1293 1090 1350 quom

181 1349 354 1425 cogitasset,
364 1349 462 1407 facere
473 1350 602 1420 auderet,
613 1360 643 1407 et
651 1351 731 1426 prius
739 1351 877 1426 cogitare,
886 1370 972 1427 quam
981 1353 1089 1424 conari,

185 1438 369 1516 consuesset,
379 1427 624 1503 Autophrodatem
634 1428 666 1517 iu
676 1428 893 1519 Cappadociam
903 1430 998 1488 mittit.
1028 1431 1089 1490 Hic
1107 1436 1128 1488 2

187 1506 896 1672 trrrstttttttrrsthr
913 1519 1092 1646 ausu
1110 1592 1129 1645 2

188 1681 290 1738 copres
311 1661 476 1721 contrahere
496 1682 556 1721 non
574 1663 676 1739 potuit.
712 1664 740 1720 A
752 1682 809 1737 qua
820 1681 853 1720 re
866 1663 1091 1740 depulsus,curn

185 1760 224 1798 ea
244 1759 340 1811 mauu,
365 1761 451 1816 quam
478 1751 669 1812 contraxerat,
692 1741 790 1799 locum
808 1741 919 1818 delegit
939 1743 1035 1813 talem,
1058 1753 1090 1802 ot

183 1837 279 1893 neque
294 1819 494 1877 circumiretur
507 1821 543 1878 ab
556 1819 698 1890 hostibus,
711 1839 806 1894 neque
818 1821 978 1896 preteriret
990 1821 1090 1880 adver·
1168 1862 1175 1876 .

183 1899 291 1967 sarius,
303 1898 373 1972 quin
386 1897 560 1974 ancipitibus
572 1898 647 1956 locis
659 1909 847 1974 premeretur,
860 1910 899 1969 et,
908 1900 936 1957 si
949 1899 1088 1960 dimicare

184 1975 279 2054 [cum]
301 1995 339 2034 eo
356 1977 456 2046 vellet,
469 1995 528 2034 uon
540 1977 658 2036 multum
676 1979 782 2034 obesse
801 1978 950 2036 moldtudo
962 1977 1090 2036 bostium

183 2065 731 2222 suzpfiucfficpgzekmpm
743 2133 868 2204 videbat,
881 2145 979 2193 umen
991 2135 1091 2192 staurit
1112 2140 1125 2193 l

184 2211 336 2288 congredi,
351 2230 437 2286 quam
450 2231 515 2268 cum
528 2213 615 2270 mnus
636 2212 729 2288 copiis
748 2211 893 2288 refugere,
907 2224 956 2270 aot
967 2223 1028 2270 tam
1040 2213 1091 2271 dio

182 2307 241 2348 uno
255 2291 324 2348 loco
338 2289 453 2348 sedere.
493 2291 627 2348 Habebat
638 2291 822 2348 barbarorum
840 2291 968 2364 equitum
978 2290 1090 2365 rigina',
1108 2295 1129 2348 2

183 2368 315 2446 peditum
328 2381 445 2426 centum
456 2369 536 2426 milia
552 2387 625 2444 quos
639 2369 684 2426 illi
695 2367 844 2426 cardicas
851 2369 1007 2442 appellant,
1015 2367 1091 2443 ejus·

184 2447 309 2523 demque
325 2447 443 2524 generis
455 2447 511 2506 tria
523 2413 715 2504 bmditormn:
735 2455 877 2520 praterea
887 2444 1092 2520 Cappaddcum

184 2536 262 2596 octo,
275 2525 480 2583 Armeniorum
492 2526 606 2594 decem,
620 2523 841 2600 Paphlagonum
853 2523 989 2598 quinque,
1000 2521 1092 2598 Phry·

185 2623 255 2680 gum
267 2604 383 2673 decem,
398 2603 544 2678 Lydormn
556 2603 692 2678 quinque,
705 2599 921 2676 Aspendiorum
934 2610 965 2658 et
977 2599 1091 2659 Pisida·

184 2700 249 2740 rum
272 2682 391 2739 circiter
410 2683 473 2751 tria,
498 2682 626 2740 Cilicum
646 2680 713 2750 duo,
736 2679 941 2754 Captianorum
962 2678 1090 2750 totidem,

185 2778 225 2817 ex
249 2760 367 2818 Graecia
392 2760 596 2818 conductorum
616 2759 673 2816 tria
695 2757 819 2836 [milia]:
840 2758 916 2816 levis
942 2769 1090 2816 armam

184 2838 343 2896 maximum
354 2857 514 2896 numerum.
555 2838 619 2896 Has
638 2837 777 2894 adversim
798 2835 898 2912 copias
911 2855 982 2912 spes
995 2837 1089 2896 onmis
1110 2840 1128 2895 3

185 2917 366 2974 consistebat
378 2917 495 2974 Datami
507 2918 539 2974 in
551 2936 585 2974 se
598 2915 715 2992 locique
727 2925 846 2972 natura:
867 2933 990 2990 usuque
1002 2915 1089 2992 hujus

184 3005 298 3070 partem
310 3013 369 3052 uon
381 2994 506 3052 habebat
517 2994 688 3052 vicesimam
699 2992 832 3050 militum.
873 2992 986 3058 Quibus
999 2993 1090 3052 fretus

186 3073 327 3144 conflixit,
341 3073 626 3146 adremariorumque
646 3072 736 3129 multa
753 3071 836 3130 milia
854 3071 991 3141 concidit,
1003 3089 1091 3146 quum

186 3151 223 3208 de
232 3149 326 3226 ipsius
337 3151 468 3208 exercitu
475 3169 533 3208 non
546 3150 669 3226 amplios
678 3148 827 3206 bominum
832 3147 913 3206 mille
922 3149 1089 3207 cecidisset.

187 3229 283 3296 Quam
295 3229 333 3286 ob
347 3247 467 3286 causam
483 3238 600 3304 postero
613 3228 662 3286 die
680 3237 819 3303 tropeum
836 3225 942 3301 posuit,
954 3245 1011 3301 quo
1023 3228 1090 3285 loco

185 3306 280 3384 pridie
306 3317 465 3382 pugnatum
488 3316 558 3364 erat.
599 3305 680 3364 Hinc
706 3323 793 3379 quum
819 3314 915 3362 casua
941 3303 1090 3376 movisset,
1109 3309 1130 3362 4

186 3381 1092 3538 sunamith..

187 3541 370 3602 adversarios
392 3541 523 3599 locormu
542 3539 684 3615 angustiis
711 3538 868 3596 clausisset
890 3536 980 3614 (qood
997 3535 1092 3610 perito

186 3621 338 3696 regionum
358 3617 520 3694 callideque
541 3617 680 3692 cogitanti
699 3635 778 3692 sape
799 3613 982 3686 accidebat):
1004 3611 1131 3696 Anto-b

187 3697 353 3776 phrahates,
368 3715 455 3772 quum
473 3697 582 3754 bellam
601 3693 669 3752 duci
687 3695 797 3769 majore
819 3691 899 3764 regis
920 3685 1092 3762 adamim,
