2680 4304
272 327 315 380 aa
485 321 591 387 XXII.
634 329 664 397 3,
680 329 709 384 4.
756 317 961 404 (Hamilcar.)

269 485 336 533 sunt
351 475 433 533 Poeni
447 476 599 552 perterriti,
615 485 647 533 ut
660 476 748 532 etiam
762 474 901 532 auxiliaa
915 472 1054 531 Romanis
1067 473 1174 551 petive-

270 555 335 624 rint,
350 573 442 630 eaqua
457 555 646 630 impetrarint.
686 554 743 611 Sed
758 563 894 619 extremo,
909 571 1000 628 quum
1015 571 1101 630 prope
1112 554 1174 630 jam

268 633 306 689 ad
322 633 548 709 desperationem
570 633 775 710 pervenissent,
797 631 998 689 Hamilcarem
1022 633 1175 708 imperato·

230 713 248 768 4
269 730 330 768 rem
346 711 486 769 iecerunt.
522 711 551 770 Is
570 731 627 770 non
638 712 732 770 solum
746 712 840 768 hostes
855 728 872 766 a
886 711 978 768 muris
991 710 1176 788 Carthaginis

268 791 398 860 removit,
420 809 510 865 quum
532 791 656 866 amplius
676 803 792 848 centum
807 789 899 846 millia
922 788 999 846 sacta
1013 801 1108 847 essent
1128 808 1175 846 ar-

268 880 429 941 matorum3
451 868 501 927 sed
522 870 609 927 etiam
623 889 657 927 eo
671 869 818 944 compulit,
833 878 874 936 ut,
890 867 1019 925 locorum
1034 870 1175 946 angustiis

268 949 371 1018 clausi,
391 949 490 1023 plures
504 947 590 1017 same,
605 967 693 1023 quam
708 947 784 1004 ferro
798 947 958 1004 interirent.
1001 946 1108 1003 Omnia
1126 967 1173 1024 op-

269 1027 335 1104 pida
352 1027 526 1096 abalienata,
542 1027 571 1083 in
586 1027 631 1084 bis
652 1026 768 1084 Uticam
782 1036 868 1100 atque
886 1024 1060 1100 Hipponem,
1075 1025 1173 1083 valen-

230 1106 247 1158 5
268 1107 378 1164 tissime
401 1106 487 1163 totius
502 1105 623 1174 Africae,
639 1104 762 1162 restituit
782 1104 892 1180 patriae.
934 1103 1040 1179 Neque
1060 1123 1094 1161 eo
1119 1103 1174 1163 fuit

268 1194 427 1254 contentus,
442 1183 493 1242 aed
513 1185 600 1242 etiam
614 1183 687 1240 fines
700 1183 815 1258 imperii
829 1183 1006 1258 propagavit,
1020 1192 1079 1240 tota
1094 1181 1170 1239 Afri.

268 1282 305 1322 ca
318 1272 430 1320 tantum
443 1264 533 1321 otium
550 1262 680 1332 reddidit,
696 1272 728 1319 ut
748 1262 863 1318 nullum
878 1261 908 1317 in
922 1279 958 1318 ea
972 1261 1081 1318 bellum
1096 1261 1172 1319 vide·

269 1352 349 1400 ratur
362 1342 460 1400 multis
475 1343 558 1399 annis
572 1340 671 1398 fuisse.

231 1420 246 1473 1
308 1419 359 1478 Ill.
383 1419 482 1478 Rebus
500 1421 545 1478 his
559 1439 595 1478 ex
606 1419 749 1477 sententia
763 1418 897 1495 peractis,
908 1417 1007 1475 fidenti
1022 1419 1118 1476 animo
1133 1428 1173 1476 at·

268 1518 325 1575 que
339 1498 442 1557 infesto
456 1499 672 1574 Romanisque
686 1497 801 1556 facilius
815 1515 935 1554 causam
951 1497 1078 1554 bellandi
1092 1515 1173 1573 repe-

269 1580 348 1648 riret,
370 1577 474 1648 effecit,
490 1588 522 1635 ut
536 1579 691 1654 imperator
708 1595 777 1634 oum
796 1575 928 1633 exercitu
949 1576 979 1632 in
1000 1575 1174 1652 Hispaniam

267 1658 437 1727 mitteretur,
452 1675 544 1733 eoque
558 1675 659 1714 secum
682 1655 764 1714 duxit
787 1655 880 1712 filium
903 1653 1108 1725 Hannibalem,
1124 1674 1174 1712 an-

229 1735 247 1788 2
267 1753 370 1792 norum
385 1755 498 1794 novem.
541 1735 614 1793 Erat
627 1745 766 1811 praeterea
780 1751 849 1792 oum
863 1751 897 1790 eo
912 1733 1079 1791 adolescens
1092 1734 1174 1792 illus-

267 1815 328 1881 tris,
343 1813 493 1884 formosus,
512 1813 688 1882 Hasdrubal,
703 1832 790 1889 quem
806 1812 938 1869 nonnulli
952 1811 1033 1890 diligi
1049 1813 1173 1888 turpius,

266 1909 354 1966 quam
369 1910 422 1966 par
435 1902 505 1962 erat,
522 1892 558 1949 ab
578 1891 748 1949 Hamilcare
770 1891 972 1967 loquebantur.
1013 1891 1081 1948 Nou
1094 1892 1174 1949 euim

266 1969 401 2027 maledici
424 1980 501 2028 tanto
515 1971 578 2027 viro
591 1970 691 2028 deesse
715 1979 855 2046 poterant.
897 1969 966 2036 Quo
988 1967 1173 2040 factumest,

267 2057 299 2104 ut
312 2067 330 2104 a
344 2047 480 2123 praefecto
494 2067 608 2106 morum
622 2048 788 2106 Hasdrubal
803 2067 871 2107 cum
886 2067 921 2106 eo
935 2058 1082 2107 vetaretur
1096 2068 1172 2106 esse.

266 2125 346 2184 Huic
358 2127 407 2184 ille
422 2127 512 2185 filiam
523 2145 607 2184 auam
622 2129 652 2184 in
667 2128 882 2186 matrimonium
896 2127 982 2198 dedit,
998 2127 1073 2203 quod
1087 2129 1173 2184 mori-

228 2206 245 2259 3
267 2205 320 2262 bus
334 2223 435 2263 eorum
449 2224 506 2264 non
521 2216 632 2283 potarat
651 2206 785 2264 interdici
799 2225 900 2264 socero
913 2225 1014 2284 gener.
1057 2205 1103 2264 De
1117 2206 1174 2264 boc

266 2283 330 2342 ideo
343 2286 515 2343 mentionem
540 2285 672 2354 fecimus,
687 2285 771 2361 quod,
786 2284 957 2342 Hamilcare
978 2285 1098 2354 occisso,
1121 2285 1173 2344 ille

266 2365 409 2422 exercitui
433 2363 555 2441 praefuit,
581 2383 685 2440 resque
708 2382 829 2441 magnas
850 2364 960 2441 gessit3
986 2373 1015 2421 et
1039 2364 1174 2440 princeps

265 2442 418 2520 largitione
443 2454 570 2502 vetustos
591 2444 727 2520 pervertit
752 2461 846 2500 mores
866 2442 1150 2519 Carthaginiensium
1161 2463 1170 2516 3

265 2521 452 2599 ejusdemque
468 2533 674 2600 postmortem
694 2522 842 2580 Hannibal
863 2522 901 2579 ab
914 2523 1046 2579 exercitu
1060 2523 1174 2598 accepit

266 2619 304 2656 un
344 2619 429 2658 num.

228 2681 243 2734 1
305 2621 358 2736 lis.
381 2681 423 2737 At
446 2679 607 2748 Hamilcar,
623 2689 809 2756 posteaquam
830 2697 910 2736 mare
929 2680 1042 2736 transiit
1059 2679 1090 2736 in
1104 2678 1172 2738 His·

266 2758 439 2833 patriamque
464 2760 552 2827 venit,
568 2777 689 2833 magnas
713 2777 761 2816 res
784 2757 913 2815 secunda
934 2759 1023 2836 gessit
1038 2757 1172 2816 fortuna:

266 2835 408 2892 maximas
429 2835 719 2912 bellicosissimasque
743 2846 844 2913 gentes
867 2837 997 2914 subegit:
1019 2837 1111 2912 equis,
1127 2855 1172 2894 ar-

227 2916 245 2970 2
266 2913 330 2982 mis,
355 2914 434 2982 viris,
460 2915 584 2990 pecunia
605 2923 693 2972 totam
717 2915 904 2992 locupletavit
925 2915 1070 2974 Africam.
1113 2915 1173 2974 Hic

265 3009 356 3066 quum
371 2992 401 3048 in
416 2992 530 3050 Italiam
551 2993 660 3050 bellum
674 2992 782 3051 inferre
797 2993 993 3065 meditaretur,
1008 3014 1083 3053 nono
1097 3013 1173 3053 auno

266 3079 336 3146 post,
351 3089 439 3146 quam
464 3072 494 3129 in
518 3070 690 3148 Hispaniam
705 3084 833 3143 venerat,
858 3074 887 3130 iu
913 3074 1015 3150 proelio
1039 3091 1173 3151 pugnans

226 3152 245 3206 8
266 3149 406 3206 adversus
420 3149 558 3208 Vettones
571 3152 686 3208 occisus
698 3161 751 3209 est.
775 3151 873 3227 Hujus
887 3162 1059 3229 perpetuum
1073 3151 1173 3210 odium

265 3245 337 3304 erga
364 3227 510 3286 Romanos
537 3231 662 3288 maxime
687 3231 847 3288 concitasse
871 3231 986 3290 videtur
1009 3231 1172 3290 secundum

266 3305 375 3363 bellum
390 3306 552 3366 Poenicum.
593 3309 731 3384 Namque
746 3309 903 3379 Hannibal,
918 3310 997 3368 filius
1011 3311 1085 3387 ejus,
1101 3310 1172 3367 assi-

265 3383 331 3442 duis
345 3387 433 3461 patris
447 3387 681 3445 obtestationibus
693 3407 729 3446 eo
747 3399 790 3446 est
806 3388 974 3465 perductus,
990 3398 1022 3448 ut
1042 3389 1171 3460 interire,

264 3483 353 3542 quam
368 3463 513 3524 Romanos
526 3483 583 3524 non
597 3467 723 3542 experiri
737 3468 846 3526 mallet.
