<?xml version="1.0" encoding="UTF-8"?>
<!DOCTYPE html PUBLIC "-//W3C//DTD XHTML 1.0 Transitional//EN"
    "http://www.w3.org/TR/xhtml1/DTD/xhtml1-transitional.dtd">
<html xmlns="http://www.w3.org/1999/xhtml" xml:lang="en" lang="en">
 <head>
  <title>
</title>
<meta http-equiv="Content-Type" content="text/html;charset=utf-8" />
  <meta name='ocr-system' content='tesseract 3.04.00' />
  <meta name='ocr-capabilities' content='ocr_page ocr_carea ocr_par ocr_line ocrx_word'/>
</head>
<body>
  <div class='ocr_page' id='page_1' title='image "./corneliusneposw05nepogoog_0053.png"; bbox 0 0 2692 4306; ppageno 0'>
   <div class='ocr_carea' id='block_1_1' title="bbox 286 334 902 414">
    <p class='ocr_par' dir='ltr' id='par_1_1' title="bbox 286 334 902 414">
     <span class='ocr_line' id='line_1_1' title="bbox 286 334 902 414; baseline -0.015 -10"><span class='ocrx_word' id='word_1_1' title='bbox 286 345 328 404; x_wconf 78' lang='lat' dir='ltr'>re</span> <span class='ocrx_word' id='word_1_2' title='bbox 560 335 603 398; x_wconf 90' lang='lat' dir='ltr'>x.</span> <span class='ocrx_word' id='word_1_3' title='bbox 639 343 669 411; x_wconf 89' lang='lat'>9,</span> <span class='ocrx_word' id='word_1_4' title='bbox 688 341 735 398; x_wconf 82' lang='grc' dir='ltr'>ιο.</span> <span class='ocrx_word' id='word_1_5' title='bbox 779 334 902 414; x_wconf 74' lang='lat' dir='ltr'>(nen.)</span> 
     </span>
    </p>
   </div>
   <div class='ocr_carea' id='block_1_2' title="bbox 172 477 1253 3539">
    <p class='ocr_par' dir='ltr' id='par_1_2' title="bbox 281 477 1184 553">
     <span class='ocr_line' id='line_1_2' title="bbox 281 477 1184 553; baseline -0.004 -11"><span class='ocrx_word' id='word_1_6' title='bbox 281 482 523 544; x_wconf 77' lang='lat' dir='ltr'>admaturcndum</span> <span class='ocrx_word' id='word_1_7' title='bbox 530 483 690 549; x_wconf 82' lang='lat' dir='ltr'>concitatus</span> <span class='ocrx_word' id='word_1_8' title='bbox 701 493 755 551; x_wconf 84' lang='lat' dir='ltr'>est,</span> <span class='ocrx_word' id='word_1_9' title='bbox 764 499 869 540; x_wconf 82' lang='lat' dir='ltr'>verens</span> <span class='ocrx_word' id='word_1_10' title='bbox 887 497 925 535; x_wconf 91' lang='lat' dir='ltr'>ne</span> <span class='ocrx_word' id='word_1_11' title='bbox 939 477 1019 553; x_wconf 90' lang='lat' dir='ltr'>prius</span> <span class='ocrx_word' id='word_1_12' title='bbox 1030 477 1184 538; x_wconf 86' lang='lat' dir='ltr'>consilium</span> 
     </span>
    </p>

    <p class='ocr_par' dir='ltr' id='par_1_3' title="bbox 281 557 956 640">
     <span class='ocr_line' id='line_1_3' title="bbox 281 557 956 640; baseline -0.016 -18"><span class='ocrx_word' id='word_1_13' title='bbox 281 563 439 640; x_wconf 85' lang='lat' dir='ltr'>aperiretur</span> <span class='ocrx_word' id='word_1_14' title='bbox 452 579 544 630; x_wconf 87' lang='lat' dir='ltr'>suum,</span> <span class='ocrx_word' id='word_1_15' title='bbox 558 579 644 634; x_wconf 88' lang='lat' dir='ltr'>quarn</span> <span class='ocrx_word' id='word_1_16' title='bbox 657 570 760 618; x_wconf 86' lang='lat' dir='ltr'>conata</span> <span class='ocrx_word' id='word_1_17' title='bbox 772 557 956 632; x_wconf 74' lang='lat' dir='ltr'><strong>perfecisset.</strong></span> 
     </span>
    </p>

    <p class='ocr_par' dir='ltr' id='par_1_4' title="bbox 172 636 1184 714">
     <span class='ocr_line' id='line_1_4' title="bbox 172 636 1184 714; baseline -0.009 -13"><span class='ocrx_word' id='word_1_18' title='bbox 172 694 176 701; x_wconf 93' lang='lat'>.</span> <span class='ocrx_word' id='word_1_19' title='bbox 246 646 258 700; x_wconf 91' lang='lat' dir='ltr'>l</span> <span class='ocrx_word' id='word_1_20' title='bbox 320 639 375 699; x_wconf 90' lang='lat' dir='ltr'>IX.</span> <span class='ocrx_word' id='word_1_21' title='bbox 416 639 482 696; x_wconf 91' lang='lat' dir='ltr'>Hac</span> <span class='ocrx_word' id='word_1_22' title='bbox 495 648 590 696; x_wconf 88' lang='lat' dir='ltr'>mente</span> <span class='ocrx_word' id='word_1_23' title='bbox 604 637 733 714; x_wconf 86' lang='lat' dir='ltr'>proximo</span> <span class='ocrx_word' id='word_1_24' title='bbox 748 636 796 694; x_wconf 89' lang='lat' dir='ltr'>die</span> <span class='ocrx_word' id='word_1_25' title='bbox 809 637 893 706; x_wconf 88' lang='lat' dir='ltr'>sesto,</span> <span class='ocrx_word' id='word_1_26' title='bbox 906 652 993 708; x_wconf 88' lang='lat' dir='ltr'>quum</span> <span class='ocrx_word' id='word_1_27' title='bbox 1010 653 1028 690; x_wconf 89' lang='lat' dir='ltr'>a</span> <span class='ocrx_word' id='word_1_28' title='bbox 1042 645 1184 694; x_wconf 86' lang='lat' dir='ltr'>conventu</span> 
     </span>
    </p>

    <p class='ocr_par' dir='ltr' id='par_1_5' title="bbox 302 713 1185 788">
     <span class='ocr_line' id='line_1_5' title="bbox 302 713 1185 788; baseline -0.006 -13"><span class='ocrx_word' id='word_1_29' title='bbox 302 745 340 784; x_wconf 68' lang='lat'>³55</span> <span class='ocrx_word' id='word_1_30' title='bbox 400 737 434 774; x_wconf 89' lang='lat' dir='ltr'>se</span> <span class='ocrx_word' id='word_1_31' title='bbox 447 727 587 774; x_wconf 90' lang='lat' dir='ltr'>remotum</span> <span class='ocrx_word' id='word_1_32' title='bbox 595 717 673 775; x_wconf 91' lang='lat' dir='ltr'>Dion</span> <span class='ocrx_word' id='word_1_33' title='bbox 686 715 763 774; x_wconf 91' lang='lat' dir='ltr'>domi</span> <span class='ocrx_word' id='word_1_34' title='bbox 776 725 898 784; x_wconf 88' lang='lat' dir='ltr'>teneret,</span> <span class='ocrx_word' id='word_1_35' title='bbox 907 724 991 788; x_wconf 86' lang='lat' dir='ltr'>atque</span> <span class='ocrx_word' id='word_1_36' title='bbox 1005 713 1036 770; x_wconf 90' lang='lat' dir='ltr'>in</span> <span class='ocrx_word' id='word_1_37' title='bbox 1050 715 1185 772; x_wconf 82' lang='lat' dir='ltr'>conclavi</span> 
     </span>
    </p>

    <p class='ocr_par' dir='ltr' id='par_1_6' title="bbox 241 792 1231 1260">
     <span class='ocr_line' id='line_1_6' title="bbox 278 792 1185 868; baseline -0.003 -15"><span class='ocrx_word' id='word_1_38' title='bbox 278 804 299 834; x_wconf 65' lang='lat'>²</span> <span class='ocrx_word' id='word_1_39' title='bbox 307 793 332 833; x_wconf 81' lang='lat'>⁰·</span> <span class='ocrx_word' id='word_1_40' title='bbox 340 803 361 832; x_wconf 82' lang='lat'>¹¹·</span> <span class='ocrx_word' id='word_1_41' title='bbox 399 795 476 852; x_wconf 90' lang='lat' dir='ltr'>edito</span> <span class='ocrx_word' id='word_1_42' title='bbox 489 795 679 864; x_wconf 82' lang='lat' dir='ltr'>recubuisset,</span> <span class='ocrx_word' id='word_1_43' title='bbox 694 793 821 852; x_wconf 87' lang='lat' dir='ltr'>consciis</span> <span class='ocrx_word' id='word_1_44' title='bbox 841 794 908 850; x_wconf 90' lang='lat' dir='ltr'>loca</span> <span class='ocrx_word' id='word_1_45' title='bbox 920 792 1072 850; x_wconf 81' lang='lat' dir='ltr'>munitiora</span> <span class='ocrx_word' id='word_1_46' title='bbox 1084 793 1185 868; x_wconf 90' lang='lat' dir='ltr'>oppidi</span> 
     </span>
     <span class='ocr_line' id='line_1_7' title="bbox 280 871 1231 948; baseline -0.002 -17"><span class='ocrx_word' id='word_1_47' title='bbox 280 873 385 944; x_wconf 90' lang='lat' dir='ltr'>tradit;</span> <span class='ocrx_word' id='word_1_48' title='bbox 406 873 521 931; x_wconf 91' lang='lat' dir='ltr'>domum</span> <span class='ocrx_word' id='word_1_49' title='bbox 534 873 673 930; x_wconf 86' lang='lat' dir='ltr'>custodiis</span> <span class='ocrx_word' id='word_1_50' title='bbox 689 874 782 948; x_wconf 90' lang='lat' dir='ltr'>sepit;</span> <span class='ocrx_word' id='word_1_51' title='bbox 804 891 821 929; x_wconf 89' lang='lat' dir='ltr'>a</span> <span class='ocrx_word' id='word_1_52' title='bbox 835 871 943 929; x_wconf 88' lang='lat' dir='ltr'>foribus</span> <span class='ocrx_word' id='word_1_53' title='bbox 957 871 1006 945; x_wconf 92' lang='lat' dir='ltr'>qui</span> <span class='ocrx_word' id='word_1_54' title='bbox 1018 889 1077 928; x_wconf 88' lang='lat' dir='ltr'>non</span> <span class='ocrx_word' id='word_1_55' title='bbox 1087 871 1185 930; x_wconf 83' lang='lat' dir='ltr'>disce·</span> <span class='ocrx_word' id='word_1_56' title='bbox 1227 875 1231 882; x_wconf 91' lang='lat'>&#39;</span> 
     </span>
     <span class='ocr_line' id='line_1_8' title="bbox 241 949 1184 1027; baseline -0.006 -15"><span class='ocrx_word' id='word_1_57' title='bbox 241 953 359 1022; x_wconf 82' lang='lat' dir='ltr'>2dant,</span> <span class='ocrx_word' id='word_1_58' title='bbox 384 962 478 1008; x_wconf 90' lang='lat' dir='ltr'>certos</span> <span class='ocrx_word' id='word_1_59' title='bbox 498 953 635 1027; x_wconf 78' lang='lat' dir='ltr'>praeficit3</span> <span class='ocrx_word' id='word_1_60' title='bbox 658 971 763 1008; x_wconf 87' lang='lat' dir='ltr'>navem</span> <span class='ocrx_word' id='word_1_61' title='bbox 785 949 931 1007; x_wconf 82' lang='lat' dir='ltr'>triremem</span> <span class='ocrx_word' id='word_1_62' title='bbox 954 951 1069 1007; x_wconf 85' lang='lat' dir='ltr'>armetis</span> <span class='ocrx_word' id='word_1_63' title='bbox 1092 960 1184 1019; x_wconf 87' lang='lat' dir='ltr'>ornat,</span> 
     </span>
     <span class='ocr_line' id='line_1_9' title="bbox 282 1028 1184 1105; baseline -0.003 -16"><span class='ocrx_word' id='word_1_64' title='bbox 282 1031 521 1105; x_wconf 70' lang='lat' dir='ltr'>Philostratoque,</span> <span class='ocrx_word' id='word_1_65' title='bbox 535 1029 614 1088; x_wconf 86' lang='lat' dir='ltr'>fratri</span> <span class='ocrx_word' id='word_1_66' title='bbox 627 1048 690 1100; x_wconf 89' lang='lat' dir='ltr'>suo,</span> <span class='ocrx_word' id='word_1_67' title='bbox 703 1029 796 1098; x_wconf 77' lang='lat' dir='ltr'>tradit,</span> <span class='ocrx_word' id='word_1_68' title='bbox 811 1047 929 1102; x_wconf 88' lang='lat' dir='ltr'>eamque</span> <span class='ocrx_word' id='word_1_69' title='bbox 944 1028 975 1086; x_wconf 91' lang='lat' dir='ltr'>in</span> <span class='ocrx_word' id='word_1_70' title='bbox 988 1039 1070 1104; x_wconf 89' lang='lat' dir='ltr'>portu</span> <span class='ocrx_word' id='word_1_71' title='bbox 1080 1028 1184 1102; x_wconf 87' lang='lat' dir='ltr'>agitari</span> 
     </span>
     <span class='ocr_line' id='line_1_10' title="bbox 278 1105 1182 1186; baseline -0.002 -20"><span class='ocrx_word' id='word_1_72' title='bbox 278 1110 368 1186; x_wconf 88' lang='lat' dir='ltr'>jubet,</span> <span class='ocrx_word' id='word_1_73' title='bbox 381 1119 412 1166; x_wconf 92' lang='lat' dir='ltr'>ut</span> <span class='ocrx_word' id='word_1_74' title='bbox 435 1109 462 1165; x_wconf 90' lang='lat' dir='ltr'>si</span> <span class='ocrx_word' id='word_1_75' title='bbox 485 1127 623 1166; x_wconf 84' lang='lat' dir='ltr'>exercere</span> <span class='ocrx_word' id='word_1_76' title='bbox 637 1107 764 1182; x_wconf 81' lang='lat' dir='ltr'>remiges</span> <span class='ocrx_word' id='word_1_77' title='bbox 778 1107 885 1166; x_wconf 88' lang='lat' dir='ltr'>vellet:</span> <span class='ocrx_word' id='word_1_78' title='bbox 908 1105 1048 1181; x_wconf 84' lang='lat' dir='ltr'>cogitans,</span> <span class='ocrx_word' id='word_1_79' title='bbox 1063 1107 1089 1164; x_wconf 92' lang='lat' dir='ltr'>si</span> <span class='ocrx_word' id='word_1_80' title='bbox 1109 1107 1182 1165; x_wconf 84' lang='lat' dir='ltr'>forte</span> 
     </span>
     <span class='ocr_line' id='line_1_11' title="bbox 282 1184 1184 1260; baseline 0 -16"><span class='ocrx_word' id='word_1_81' title='bbox 282 1186 414 1244; x_wconf 88' lang='lat' dir='ltr'>consiliis</span> <span class='ocrx_word' id='word_1_82' title='bbox 428 1187 588 1244; x_wconf 85' lang='lat' dir='ltr'>obstitisset</span> <span class='ocrx_word' id='word_1_83' title='bbox 607 1186 727 1256; x_wconf 83' lang='lat' dir='ltr'>fortuna,</span> <span class='ocrx_word' id='word_1_84' title='bbox 740 1197 772 1244; x_wconf 94' lang='lat' dir='ltr'>ut</span> <span class='ocrx_word' id='word_1_85' title='bbox 790 1184 918 1254; x_wconf 87' lang='lat' dir='ltr'>haberet,</span> <span class='ocrx_word' id='word_1_86' title='bbox 938 1203 994 1260; x_wconf 92' lang='lat' dir='ltr'>quo</span> <span class='ocrx_word' id='word_1_87' title='bbox 1014 1185 1126 1260; x_wconf 83' lang='lat' dir='ltr'>fugeret</span> <span class='ocrx_word' id='word_1_88' title='bbox 1147 1187 1184 1245; x_wconf 90' lang='lat' dir='ltr'>ad</span> 
     </span>
    </p>

    <p class='ocr_par' dir='ltr' id='par_1_7' title="bbox 243 1263 1185 1576">
     <span class='ocr_line' id='line_1_12' title="bbox 243 1263 1184 1338; baseline 0 -16"><span class='ocrx_word' id='word_1_89' title='bbox 243 1269 261 1324; x_wconf 85' lang='lat'><strong>3</strong></span> <span class='ocrx_word' id='word_1_90' title='bbox 282 1266 413 1322; x_wconf 88' lang='lat' dir='ltr'>salutem.</span> <span class='ocrx_word' id='word_1_91' title='bbox 455 1265 578 1322; x_wconf 87' lang='lat' dir='ltr'>Suomm</span> <span class='ocrx_word' id='word_1_92' title='bbox 597 1275 728 1323; x_wconf 86' lang='lat' dir='ltr'>auterno</span> <span class='ocrx_word' id='word_1_93' title='bbox 748 1281 866 1322; x_wconf 87' lang='lat' dir='ltr'>numero</span> <span class='ocrx_word' id='word_1_94' title='bbox 888 1263 1065 1338; x_wconf 85' lang='lat' dir='ltr'>Zacynthios</span> <span class='ocrx_word' id='word_1_95' title='bbox 1086 1265 1184 1322; x_wconf 89' lang='lat' dir='ltr'>adole·</span> 
     </span>
     <span class='ocr_line' id='line_1_13' title="bbox 283 1341 1183 1419; baseline 0.001 -19"><span class='ocrx_word' id='word_1_96' title='bbox 283 1353 400 1400; x_wconf 88' lang='lat' dir='ltr'>scentes</span> <span class='ocrx_word' id='word_1_97' title='bbox 414 1343 552 1418; x_wconf 88' lang='lat' dir='ltr'>quosdam</span> <span class='ocrx_word' id='word_1_98' title='bbox 566 1343 657 1419; x_wconf 87' lang='lat' dir='ltr'>eligit,</span> <span class='ocrx_word' id='word_1_99' title='bbox 670 1362 756 1417; x_wconf 91' lang='lat' dir='ltr'>quum</span> <span class='ocrx_word' id='word_1_100' title='bbox 770 1341 988 1411; x_wconf 79' lang='lat' dir='ltr'>audacissimos,</span> <span class='ocrx_word' id='word_1_101' title='bbox 1002 1353 1061 1398; x_wconf 88' lang='lat' dir='ltr'>tum</span> <span class='ocrx_word' id='word_1_102' title='bbox 1074 1343 1183 1400; x_wconf 87' lang='lat' dir='ltr'>viribus</span> 
     </span>
     <span class='ocr_line' id='line_1_14' title="bbox 281 1419 1185 1497; baseline 0 -19"><span class='ocrx_word' id='word_1_103' title='bbox 281 1421 433 1491; x_wconf 72' lang='lat' dir='ltr'>maximis,</span> <span class='ocrx_word' id='word_1_104' title='bbox 461 1420 565 1496; x_wconf 83' lang='lat' dir='ltr'>hisque</span> <span class='ocrx_word' id='word_1_105' title='bbox 588 1422 636 1478; x_wconf 91' lang='lat' dir='ltr'>dat</span> <span class='ocrx_word' id='word_1_106' title='bbox 657 1422 813 1496; x_wconf 87' lang='lat' dir='ltr'>negotium,</span> <span class='ocrx_word' id='word_1_107' title='bbox 839 1419 893 1497; x_wconf 93' lang='lat' dir='ltr'>[ut]</span> <span class='ocrx_word' id='word_1_108' title='bbox 920 1420 956 1476; x_wconf 89' lang='lat' dir='ltr'>ad</span> <span class='ocrx_word' id='word_1_109' title='bbox 978 1420 1103 1478; x_wconf 90' lang='lat' dir='ltr'>Dionem</span> <span class='ocrx_word' id='word_1_110' title='bbox 1117 1433 1185 1479; x_wconf 90' lang='lat' dir='ltr'>eant</span> 
     </span>
     <span class='ocr_line' id='line_1_15' title="bbox 282 1498 1183 1576; baseline 0 -19"><span class='ocrx_word' id='word_1_111' title='bbox 282 1500 418 1570; x_wconf 87' lang='lat' dir='ltr'>inermes,</span> <span class='ocrx_word' id='word_1_112' title='bbox 427 1499 470 1556; x_wconf 90' lang='lat' dir='ltr'>sic</span> <span class='ocrx_word' id='word_1_113' title='bbox 479 1509 510 1556; x_wconf 90' lang='lat' dir='ltr'>ut</span> <span class='ocrx_word' id='word_1_114' title='bbox 521 1500 712 1558; x_wconf 86' lang='lat' dir='ltr'>conveniendi</span> <span class='ocrx_word' id='word_1_115' title='bbox 723 1501 786 1576; x_wconf 88' lang='lat' dir='ltr'>ejus</span> <span class='ocrx_word' id='word_1_116' title='bbox 798 1498 889 1574; x_wconf 86' lang='lat' dir='ltr'>gratia</span> <span class='ocrx_word' id='word_1_117' title='bbox 901 1499 1065 1556; x_wconf 87' lang='lat' dir='ltr'>viderentur</span> <span class='ocrx_word' id='word_1_118' title='bbox 1072 1500 1183 1557; x_wconf 87' lang='lat' dir='ltr'>venire.</span> 
     </span>
    </p>

    <p class='ocr_par' dir='ltr' id='par_1_8' title="bbox 244 1576 1253 1810">
     <span class='ocr_line' id='line_1_16' title="bbox 244 1576 1253 1654; baseline 0.004 -22"><span class='ocrx_word' id='word_1_119' title='bbox 244 1579 263 1632; x_wconf 80' lang='lat' dir='ltr'>t</span> <span class='ocrx_word' id='word_1_120' title='bbox 283 1577 325 1636; x_wconf 88' lang='lat' dir='ltr'>Ili</span> <span class='ocrx_word' id='word_1_121' title='bbox 348 1588 464 1654; x_wconf 90' lang='lat' dir='ltr'>propter</span> <span class='ocrx_word' id='word_1_122' title='bbox 483 1579 613 1636; x_wconf 89' lang='lat' dir='ltr'>notitiam</span> <span class='ocrx_word' id='word_1_123' title='bbox 633 1589 699 1636; x_wconf 91' lang='lat' dir='ltr'>sunt</span> <span class='ocrx_word' id='word_1_124' title='bbox 718 1577 885 1636; x_wconf 88' lang='lat' dir='ltr'>intromissi.</span> <span class='ocrx_word' id='word_1_125' title='bbox 925 1578 965 1634; x_wconf 86' lang='lat' dir='ltr'>At</span> <span class='ocrx_word' id='word_1_126' title='bbox 983 1576 1037 1647; x_wconf 90' lang='lat' dir='ltr'>illi,</span> <span class='ocrx_word' id='word_1_127' title='bbox 1051 1587 1082 1635; x_wconf 90' lang='lat' dir='ltr'>ut</span> <span class='ocrx_word' id='word_1_128' title='bbox 1094 1577 1185 1636; x_wconf 89' lang='lat' dir='ltr'>limen</span> <span class='ocrx_word' id='word_1_129' title='bbox 1249 1585 1253 1590; x_wconf 82' lang='grc'>’</span> 
     </span>
     <span class='ocr_line' id='line_1_17' title="bbox 283 1655 1185 1733; baseline 0 -19"><span class='ocrx_word' id='word_1_130' title='bbox 283 1658 345 1733; x_wconf 87' lang='lat' dir='ltr'>ejus</span> <span class='ocrx_word' id='word_1_131' title='bbox 366 1657 512 1726; x_wconf 87' lang='lat' dir='ltr'>intrarunt,</span> <span class='ocrx_word' id='word_1_132' title='bbox 526 1657 633 1714; x_wconf 82' lang='lat' dir='ltr'>foribus</span> <span class='ocrx_word' id='word_1_133' title='bbox 648 1657 798 1726; x_wconf 88' lang='lat' dir='ltr'>obseratis,</span> <span class='ocrx_word' id='word_1_134' title='bbox 812 1655 843 1712; x_wconf 92' lang='lat' dir='ltr'>in</span> <span class='ocrx_word' id='word_1_135' title='bbox 865 1655 943 1712; x_wconf 90' lang='lat' dir='ltr'>lecto</span> <span class='ocrx_word' id='word_1_136' title='bbox 967 1656 1118 1713; x_wconf 81' lang='lat' dir='ltr'>cubantem</span> <span class='ocrx_word' id='word_1_137' title='bbox 1140 1657 1185 1714; x_wconf 88' lang='lat' dir='ltr'>in·</span> 
     </span>
     <span class='ocr_line' id='line_1_18' title="bbox 281 1734 1186 1810; baseline 0.002 -20"><span class='ocrx_word' id='word_1_138' title='bbox 281 1734 396 1804; x_wconf 84' lang='lat' dir='ltr'>vadunt,</span> <span class='ocrx_word' id='word_1_139' title='bbox 411 1734 567 1808; x_wconf 86' lang='lat' dir='ltr'>colligant;</span> <span class='ocrx_word' id='word_1_140' title='bbox 587 1737 620 1792; x_wconf 87' lang='lat' dir='ltr'>fit</span> <span class='ocrx_word' id='word_1_141' title='bbox 641 1735 785 1810; x_wconf 88' lang='lat' dir='ltr'>strepitus,</span> <span class='ocrx_word' id='word_1_142' title='bbox 796 1735 870 1790; x_wconf 86' lang='lat' dir='ltr'>adeo</span> <span class='ocrx_word' id='word_1_143' title='bbox 889 1745 921 1791; x_wconf 91' lang='lat' dir='ltr'>ut</span> <span class='ocrx_word' id='word_1_144' title='bbox 940 1734 1070 1791; x_wconf 80' lang='lat' dir='ltr'>exaudiri</span> <span class='ocrx_word' id='word_1_145' title='bbox 1083 1745 1186 1809; x_wconf 89' lang='lat' dir='ltr'>posset</span> 
     </span>
    </p>

    <p class='ocr_par' dir='ltr' id='par_1_9' title="bbox 244 1811 1186 1966">
     <span class='ocr_line' id='line_1_19' title="bbox 244 1811 1186 1889; baseline 0.001 -20"><span class='ocrx_word' id='word_1_146' title='bbox 244 1811 362 1869; x_wconf 83' lang='lat' dir='ltr'>5soris.</span> <span class='ocrx_word' id='word_1_147' title='bbox 404 1812 473 1880; x_wconf 88' lang='lat' dir='ltr'>Hic,</span> <span class='ocrx_word' id='word_1_148' title='bbox 487 1812 563 1870; x_wconf 89' lang='lat' dir='ltr'>sicut</span> <span class='ocrx_word' id='word_1_149' title='bbox 584 1823 649 1870; x_wconf 87' lang='lat' dir='ltr'>ante</span> <span class='ocrx_word' id='word_1_150' title='bbox 676 1811 780 1889; x_wconf 85' lang='lat' dir='ltr'>[saepe]</span> <span class='ocrx_word' id='word_1_151' title='bbox 803 1813 911 1870; x_wconf 85' lang='lat' dir='ltr'>dictum</span> <span class='ocrx_word' id='word_1_152' title='bbox 925 1823 979 1881; x_wconf 91' lang='lat' dir='ltr'>est,</span> <span class='ocrx_word' id='word_1_153' title='bbox 992 1831 1077 1887; x_wconf 89' lang='lat' dir='ltr'>quam</span> <span class='ocrx_word' id='word_1_154' title='bbox 1090 1813 1186 1870; x_wconf 84' lang='lat' dir='ltr'>invisa</span> 
     </span>
     <span class='ocr_line' id='line_1_20' title="bbox 283 1889 1184 1966; baseline 0.002 -20"><span class='ocrx_word' id='word_1_155' title='bbox 283 1891 321 1947; x_wconf 90' lang='lat' dir='ltr'>sit</span> <span class='ocrx_word' id='word_1_156' title='bbox 334 1889 488 1964; x_wconf 85' lang='lat' dir='ltr'>singularis</span> <span class='ocrx_word' id='word_1_157' title='bbox 502 1891 639 1964; x_wconf 85' lang='lat' dir='ltr'>potentia,</span> <span class='ocrx_word' id='word_1_158' title='bbox 653 1902 683 1946; x_wconf 91' lang='lat' dir='ltr'>et</span> <span class='ocrx_word' id='word_1_159' title='bbox 705 1891 869 1948; x_wconf 86' lang='lat' dir='ltr'>miseranda</span> <span class='ocrx_word' id='word_1_160' title='bbox 881 1890 950 1960; x_wconf 85' lang='lat' dir='ltr'>vita,</span> <span class='ocrx_word' id='word_1_161' title='bbox 963 1892 1012 1966; x_wconf 88' lang='lat' dir='ltr'>qui</span> <span class='ocrx_word' id='word_1_162' title='bbox 1032 1911 1065 1948; x_wconf 91' lang='lat' dir='ltr'>se</span> <span class='ocrx_word' id='word_1_163' title='bbox 1085 1891 1184 1954; x_wconf 87' lang='lat' dir='ltr'>metui.</span> 
     </span>
    </p>

    <p class='ocr_par' dir='ltr' id='par_1_10' title="bbox 244 1965 1186 2437">
     <span class='ocr_line' id='line_1_21' title="bbox 244 1965 1185 2041; baseline 0 -15"><span class='ocrx_word' id='word_1_164' title='bbox 244 1971 262 2026; x_wconf 88' lang='grc'><strong>6</strong></span> <span class='ocrx_word' id='word_1_165' title='bbox 282 1986 366 2041; x_wconf 89' lang='lat' dir='ltr'>quam</span> <span class='ocrx_word' id='word_1_166' title='bbox 387 1965 476 2024; x_wconf 88' lang='lat' dir='ltr'>amari</span> <span class='ocrx_word' id='word_1_167' title='bbox 489 1969 606 2039; x_wconf 89' lang='lat' dir='ltr'>malunt,</span> <span class='ocrx_word' id='word_1_168' title='bbox 621 1968 713 2026; x_wconf 84' lang='lat' dir='ltr'>cuivis</span> <span class='ocrx_word' id='word_1_169' title='bbox 728 1969 815 2026; x_wconf 78' lang='lat' dir='ltr'>facile</span> <span class='ocrx_word' id='word_1_170' title='bbox 829 1970 979 2026; x_wconf 89' lang='lat' dir='ltr'>intellectu</span> <span class='ocrx_word' id='word_1_171' title='bbox 992 1969 1054 2026; x_wconf 84' lang='lat' dir='ltr'>fuit.</span> <span class='ocrx_word' id='word_1_172' title='bbox 1095 1970 1185 2028; x_wconf 89' lang='lat' dir='ltr'>Nam·</span> 
     </span>
     <span class='ocr_line' id='line_1_22' title="bbox 282 2045 1185 2123; baseline 0.002 -20"><span class='ocrx_word' id='word_1_173' title='bbox 282 2065 338 2120; x_wconf 90' lang='lat' dir='ltr'>que</span> <span class='ocrx_word' id='word_1_174' title='bbox 352 2045 396 2102; x_wconf 92' lang='lat' dir='ltr'>illi</span> <span class='ocrx_word' id='word_1_175' title='bbox 409 2045 467 2121; x_wconf 89' lang='lat' dir='ltr'>ipsi</span> <span class='ocrx_word' id='word_1_176' title='bbox 481 2047 627 2117; x_wconf 86' lang='lat' dir='ltr'>custodes,</span> <span class='ocrx_word' id='word_1_177' title='bbox 641 2047 798 2123; x_wconf 88' lang='lat' dir='ltr'>sipropitia</span> <span class='ocrx_word' id='word_1_178' title='bbox 811 2047 936 2104; x_wconf 87' lang='lat' dir='ltr'>fuissent</span> <span class='ocrx_word' id='word_1_179' title='bbox 949 2049 1103 2118; x_wconf 84' lang='lat' dir='ltr'>voluntate,</span> <span class='ocrx_word' id='word_1_180' title='bbox 1116 2047 1185 2106; x_wconf 83' lang='lat' dir='ltr'>iori-</span> 
     </span>
     <span class='ocr_line' id='line_1_23' title="bbox 282 2123 1185 2201; baseline 0.002 -19"><span class='ocrx_word' id='word_1_181' title='bbox 282 2126 335 2182; x_wconf 93' lang='lat' dir='ltr'>bus</span> <span class='ocrx_word' id='word_1_182' title='bbox 350 2123 476 2180; x_wconf 84' lang='lat' dir='ltr'>effractis</span> <span class='ocrx_word' id='word_1_183' title='bbox 490 2143 608 2183; x_wconf 85' lang='lat' dir='ltr'>servare</span> <span class='ocrx_word' id='word_1_184' title='bbox 622 2144 688 2183; x_wconf 90' lang='lat' dir='ltr'>eum</span> <span class='ocrx_word' id='word_1_185' title='bbox 708 2127 878 2201; x_wconf 89' lang='lat' dir='ltr'>potuissent,</span> <span class='ocrx_word' id='word_1_186' title='bbox 892 2127 967 2200; x_wconf 93' lang='lat' dir='ltr'>quod</span> <span class='ocrx_word' id='word_1_187' title='bbox 989 2127 1033 2184; x_wconf 91' lang='lat' dir='ltr'>illi</span> <span class='ocrx_word' id='word_1_188' title='bbox 1048 2127 1185 2196; x_wconf 85' lang='lat' dir='ltr'>inermes,</span> 
     </span>
     <span class='ocr_line' id='line_1_24' title="bbox 282 2201 1186 2279; baseline 0.002 -19"><span class='ocrx_word' id='word_1_189' title='bbox 282 2203 372 2260; x_wconf 90' lang='lat' dir='ltr'>telum</span> <span class='ocrx_word' id='word_1_190' title='bbox 398 2201 468 2259; x_wconf 87' lang='lat' dir='ltr'>foris</span> <span class='ocrx_word' id='word_1_191' title='bbox 496 2203 668 2278; x_wconf 82' lang='lat' dir='ltr'>flagitantes,</span> <span class='ocrx_word' id='word_1_192' title='bbox 695 2205 792 2262; x_wconf 87' lang='lat' dir='ltr'>vivum</span> <span class='ocrx_word' id='word_1_193' title='bbox 819 2207 963 2262; x_wconf 86' lang='lat' dir='ltr'>tenebant.</span> <span class='ocrx_word' id='word_1_194' title='bbox 1016 2205 1071 2262; x_wconf 88' lang='lat' dir='ltr'>Cui</span> <span class='ocrx_word' id='word_1_195' title='bbox 1098 2224 1186 2279; x_wconf 91' lang='lat' dir='ltr'>quum</span> 
     </span>
     <span class='ocr_line' id='line_1_25' title="bbox 283 2282 1186 2360; baseline 0.002 -22"><span class='ocrx_word' id='word_1_196' title='bbox 283 2291 463 2338; x_wconf 84' lang='lat' dir='ltr'>succurreret</span> <span class='ocrx_word' id='word_1_197' title='bbox 475 2300 570 2352; x_wconf 90' lang='lat' dir='ltr'>nemo,</span> <span class='ocrx_word' id='word_1_198' title='bbox 584 2283 668 2358; x_wconf 89' lang='lat' dir='ltr'>Lyco</span> <span class='ocrx_word' id='word_1_199' title='bbox 682 2282 797 2356; x_wconf 86' lang='lat' dir='ltr'>quidam</span> <span class='ocrx_word' id='word_1_200' title='bbox 811 2284 1012 2358; x_wconf 87' lang='lat' dir='ltr'>Syracusanus</span> <span class='ocrx_word' id='word_1_201' title='bbox 1025 2302 1078 2360; x_wconf 90' lang='lat' dir='ltr'>per</span> <span class='ocrx_word' id='word_1_202' title='bbox 1088 2283 1186 2342; x_wconf 85' lang='lat' dir='ltr'>senes·</span> 
     </span>
     <span class='ocr_line' id='line_1_26' title="bbox 282 2359 995 2437; baseline 0.004 -22"><span class='ocrx_word' id='word_1_203' title='bbox 282 2370 340 2416; x_wconf 87' lang='lat' dir='ltr'>tras</span> <span class='ocrx_word' id='word_1_204' title='bbox 355 2359 481 2435; x_wconf 77' lang='lat' dir='ltr'>gladium</span> <span class='ocrx_word' id='word_1_205' title='bbox 494 2359 582 2432; x_wconf 86' lang='lat' dir='ltr'>dedit,</span> <span class='ocrx_word' id='word_1_206' title='bbox 597 2380 652 2437; x_wconf 92' lang='lat' dir='ltr'>quo</span> <span class='ocrx_word' id='word_1_207' title='bbox 667 2361 746 2419; x_wconf 92' lang='lat' dir='ltr'>Dion</span> <span class='ocrx_word' id='word_1_208' title='bbox 759 2361 926 2419; x_wconf 83' lang='lat' dir='ltr'>interfectus</span> <span class='ocrx_word' id='word_1_209' title='bbox 941 2372 995 2419; x_wconf 89' lang='lat' dir='ltr'>est.</span> 
     </span>
    </p>

    <p class='ocr_par' dir='ltr' id='par_1_11' title="bbox 246 2437 1192 2826">
     <span class='ocr_line' id='line_1_27' title="bbox 246 2437 1185 2516; baseline 0 -18"><span class='ocrx_word' id='word_1_210' title='bbox 246 2443 260 2498; x_wconf 92' lang='lat' dir='ltr'>l</span> <span class='ocrx_word' id='word_1_211' title='bbox 322 2437 361 2496; x_wconf 88' lang='lat' dir='ltr'>X.</span> <span class='ocrx_word' id='word_1_212' title='bbox 403 2438 544 2496; x_wconf 86' lang='lat' dir='ltr'>Confecta</span> <span class='ocrx_word' id='word_1_213' title='bbox 568 2441 658 2511; x_wconf 82' lang='lat' dir='ltr'>caede,</span> <span class='ocrx_word' id='word_1_214' title='bbox 682 2459 768 2515; x_wconf 92' lang='lat' dir='ltr'>quum</span> <span class='ocrx_word' id='word_1_215' title='bbox 790 2440 938 2498; x_wconf 89' lang='lat' dir='ltr'>multitudo</span> <span class='ocrx_word' id='word_1_216' title='bbox 958 2439 1073 2498; x_wconf 82' lang='lat' dir='ltr'>visendi</span> <span class='ocrx_word' id='word_1_217' title='bbox 1093 2441 1185 2516; x_wconf 84' lang='lat' dir='ltr'>gratia</span> 
     </span>
     <span class='ocr_line' id='line_1_28' title="bbox 282 2517 1184 2594; baseline 0.002 -20"><span class='ocrx_word' id='word_1_218' title='bbox 282 2517 439 2587; x_wconf 88' lang='lat' dir='ltr'>introisset,</span> <span class='ocrx_word' id='word_1_219' title='bbox 462 2519 592 2576; x_wconf 88' lang='lat' dir='ltr'>nonnulli</span> <span class='ocrx_word' id='word_1_220' title='bbox 615 2521 651 2577; x_wconf 94' lang='lat' dir='ltr'>ab</span> <span class='ocrx_word' id='word_1_221' title='bbox 675 2519 777 2576; x_wconf 88' lang='lat' dir='ltr'>insciis</span> <span class='ocrx_word' id='word_1_222' title='bbox 800 2537 852 2594; x_wconf 91' lang='lat' dir='ltr'>pro</span> <span class='ocrx_word' id='word_1_223' title='bbox 873 2518 969 2576; x_wconf 87' lang='lat' dir='ltr'>noxiis</span> <span class='ocrx_word' id='word_1_224' title='bbox 986 2519 1184 2576; x_wconf 91' lang='lat' dir='ltr'>conciduntur.</span> 
     </span>
     <span class='ocr_line' id='line_1_29' title="bbox 283 2595 1186 2668; baseline 0 -14"><span class='ocrx_word' id='word_1_225' title='bbox 283 2595 360 2654; x_wconf 90' lang='lat' dir='ltr'>Nam</span> <span class='ocrx_word' id='word_1_226' title='bbox 384 2595 475 2654; x_wconf 86' lang='lat' dir='ltr'>celeri</span> <span class='ocrx_word' id='word_1_227' title='bbox 500 2615 612 2654; x_wconf 88' lang='lat' dir='ltr'>rumore</span> <span class='ocrx_word' id='word_1_228' title='bbox 637 2598 734 2666; x_wconf 90' lang='lat' dir='ltr'>dilato,</span> <span class='ocrx_word' id='word_1_229' title='bbox 759 2598 848 2655; x_wconf 91' lang='lat' dir='ltr'>Dioni</span> <span class='ocrx_word' id='word_1_230' title='bbox 871 2598 930 2654; x_wconf 90' lang='lat' dir='ltr'>vim</span> <span class='ocrx_word' id='word_1_231' title='bbox 958 2598 1082 2668; x_wconf 85' lang='lat' dir='ltr'>allatam,</span> <span class='ocrx_word' id='word_1_232' title='bbox 1103 2598 1186 2655; x_wconf 91' lang='lat' dir='ltr'>multi</span> 
     </span>
     <span class='ocr_line' id='line_1_30' title="bbox 283 2675 1186 2751; baseline 0.004 -21"><span class='ocrx_word' id='word_1_233' title='bbox 283 2684 494 2743; x_wconf 88' lang='lat' dir='ltr'>concurrerant,</span> <span class='ocrx_word' id='word_1_234' title='bbox 509 2675 611 2748; x_wconf 90' lang='lat' dir='ltr'>quibus</span> <span class='ocrx_word' id='word_1_235' title='bbox 621 2677 679 2734; x_wconf 88' lang='lat' dir='ltr'>tale</span> <span class='ocrx_word' id='word_1_236' title='bbox 693 2675 806 2734; x_wconf 83' lang='lat' dir='ltr'>facinus</span> <span class='ocrx_word' id='word_1_237' title='bbox 821 2676 1002 2751; x_wconf 83' lang='lat' dir='ltr'>displicebat.</span> <span class='ocrx_word' id='word_1_238' title='bbox 1044 2676 1095 2746; x_wconf 91' lang='lat' dir='ltr'>Hi,</span> <span class='ocrx_word' id='word_1_239' title='bbox 1110 2675 1186 2734; x_wconf 85' lang='lat' dir='ltr'>falsa</span> 
     </span>
     <span class='ocr_line' id='line_1_31' title="bbox 282 2750 1192 2826; baseline 0.002 -18"><span class='ocrx_word' id='word_1_240' title='bbox 282 2750 449 2826; x_wconf 88' lang='lat' dir='ltr'>suspicione</span> <span class='ocrx_word' id='word_1_241' title='bbox 474 2751 561 2822; x_wconf 89' lang='lat' dir='ltr'>ducti,</span> <span class='ocrx_word' id='word_1_242' title='bbox 588 2753 772 2812; x_wconf 89' lang='lat' dir='ltr'>immerentes</span> <span class='ocrx_word' id='word_1_243' title='bbox 798 2765 830 2811; x_wconf 91' lang='lat' dir='ltr'>ut</span> <span class='ocrx_word' id='word_1_244' title='bbox 852 2755 1010 2812; x_wconf 88' lang='lat' dir='ltr'>sceleratos</span> <span class='ocrx_word' id='word_1_245' title='bbox 1038 2755 1192 2812; x_wconf 83' lang='lat' dir='ltr'>occidunt..</span> 
     </span>
    </p>

    <p class='ocr_par' dir='ltr' id='par_1_12' title="bbox 243 2829 1230 3226">
     <span class='ocr_line' id='line_1_32' title="bbox 243 2829 1185 2908; baseline -0.001 -19"><span class='ocrx_word' id='word_1_246' title='bbox 243 2835 260 2888; x_wconf 71' lang='lat'><strong>2</strong></span> <span class='ocrx_word' id='word_1_247' title='bbox 285 2829 380 2905; x_wconf 90' lang='lat' dir='ltr'>Hujus</span> <span class='ocrx_word' id='word_1_248' title='bbox 395 2830 431 2886; x_wconf 93' lang='lat' dir='ltr'>de</span> <span class='ocrx_word' id='word_1_249' title='bbox 445 2840 535 2886; x_wconf 89' lang='lat' dir='ltr'>morte</span> <span class='ocrx_word' id='word_1_250' title='bbox 555 2841 587 2888; x_wconf 90' lang='lat' dir='ltr'>ut</span> <span class='ocrx_word' id='word_1_251' title='bbox 609 2834 705 2908; x_wconf 86' lang='lat' dir='ltr'>palam</span> <span class='ocrx_word' id='word_1_252' title='bbox 727 2833 902 2904; x_wconf 84' lang='lat' dir='ltr'>factumest,</span> <span class='ocrx_word' id='word_1_253' title='bbox 921 2833 1090 2890; x_wconf 88' lang='lat' dir='ltr'>mirabiliter</span> <span class='ocrx_word' id='word_1_254' title='bbox 1103 2833 1185 2908; x_wconf 86' lang='lat' dir='ltr'>vulgi</span> 
     </span>
     <span class='ocr_line' id='line_1_33' title="bbox 281 2909 1185 2986; baseline 0.003 -20"><span class='ocrx_word' id='word_1_255' title='bbox 281 2917 389 2966; x_wconf 87' lang='lat' dir='ltr'>mutata</span> <span class='ocrx_word' id='word_1_256' title='bbox 413 2918 458 2964; x_wconf 90' lang='lat' dir='ltr'>est</span> <span class='ocrx_word' id='word_1_257' title='bbox 480 2909 621 2967; x_wconf 88' lang='lat' dir='ltr'>voluntas.</span> <span class='ocrx_word' id='word_1_258' title='bbox 663 2911 740 2968; x_wconf 87' lang='lat' dir='ltr'>Nam</span> <span class='ocrx_word' id='word_1_259' title='bbox 762 2911 811 2986; x_wconf 91' lang='lat' dir='ltr'>qui</span> <span class='ocrx_word' id='word_1_260' title='bbox 824 2911 921 2968; x_wconf 85' lang='lat' dir='ltr'>vivum</span> <span class='ocrx_word' id='word_1_261' title='bbox 944 2930 1011 2969; x_wconf 90' lang='lat' dir='ltr'>eum</span> <span class='ocrx_word' id='word_1_262' title='bbox 1033 2921 1185 2986; x_wconf 89' lang='lat' dir='ltr'>tyrannum</span> 
     </span>
     <span class='ocr_line' id='line_1_34' title="bbox 281 2986 1186 3066; baseline 0.004 -24"><span class='ocrx_word' id='word_1_263' title='bbox 281 2987 447 3056; x_wconf 82' lang='lat' dir='ltr'>vocitarent,</span> <span class='ocrx_word' id='word_1_264' title='bbox 461 2986 550 3044; x_wconf 89' lang='lat' dir='ltr'>iidem</span> <span class='ocrx_word' id='word_1_265' title='bbox 572 2988 754 3047; x_wconf 87' lang='lat' dir='ltr'>liberatorem</span> <span class='ocrx_word' id='word_1_266' title='bbox 774 2991 873 3065; x_wconf 86' lang='lat' dir='ltr'>patriae</span> <span class='ocrx_word' id='word_1_267' title='bbox 893 2988 1063 3066; x_wconf 83' lang='lat' dir='ltr'>tyrannique</span> <span class='ocrx_word' id='word_1_268' title='bbox 1084 2990 1186 3065; x_wconf 84' lang='lat' dir='ltr'>expul-</span> 
     </span>
     <span class='ocr_line' id='line_1_35' title="bbox 283 3064 1185 3140; baseline 0.002 -18"><span class='ocrx_word' id='word_1_269' title='bbox 283 3083 378 3122; x_wconf 89' lang='lat' dir='ltr'>sorem</span> <span class='ocrx_word' id='word_1_270' title='bbox 397 3064 599 3140; x_wconf 84' lang='lat' dir='ltr'>praedicabant.</span> <span class='ocrx_word' id='word_1_271' title='bbox 640 3068 691 3126; x_wconf 87' lang='lat' dir='ltr'>Sic</span> <span class='ocrx_word' id='word_1_272' title='bbox 712 3070 805 3126; x_wconf 89' lang='lat' dir='ltr'>subito</span> <span class='ocrx_word' id='word_1_273' title='bbox 820 3069 1019 3126; x_wconf 82' lang='lat' dir='ltr'>misericordia</span> <span class='ocrx_word' id='word_1_274' title='bbox 1038 3068 1105 3125; x_wconf 90' lang='lat' dir='ltr'>odio</span> <span class='ocrx_word' id='word_1_275' title='bbox 1120 3087 1185 3124; x_wconf 93' lang='lat' dir='ltr'>suc·</span> 
     </span>
     <span class='ocr_line' id='line_1_36' title="bbox 283 3145 1230 3226; baseline 0.005 -28"><span class='ocrx_word' id='word_1_276' title='bbox 283 3153 422 3213; x_wconf 85' lang='lat' dir='ltr'>cesserat,</span> <span class='ocrx_word' id='word_1_277' title='bbox 435 3153 467 3200; x_wconf 90' lang='lat' dir='ltr'>ut</span> <span class='ocrx_word' id='word_1_278' title='bbox 480 3163 546 3202; x_wconf 91' lang='lat' dir='ltr'>eum</span> <span class='ocrx_word' id='word_1_279' title='bbox 559 3163 612 3203; x_wconf 88' lang='lat' dir='ltr'>auo</span> <span class='ocrx_word' id='word_1_280' title='bbox 626 3147 776 3222; x_wconf 86' lang='lat' dir='ltr'>sanguine,</span> <span class='ocrx_word' id='word_1_281' title='bbox 785 3148 811 3205; x_wconf 89' lang='lat' dir='ltr'>si</span> <span class='ocrx_word' id='word_1_282' title='bbox 824 3158 953 3222; x_wconf 89' lang='lat' dir='ltr'>possent,</span> <span class='ocrx_word' id='word_1_283' title='bbox 968 3149 1004 3204; x_wconf 88' lang='lat' dir='ltr'>ab</span> <span class='ocrx_word' id='word_1_284' title='bbox 1018 3145 1185 3204; x_wconf 85' lang='lat' dir='ltr'>Acheronte</span> <span class='ocrx_word' id='word_1_285' title='bbox 1227 3219 1230 3226; x_wconf 19' lang='grc' dir='ltr'><em>ι</em></span> 
     </span>
    </p>

    <p class='ocr_par' dir='ltr' id='par_1_13' title="bbox 245 3222 1184 3539">
     <span class='ocr_line' id='line_1_37' title="bbox 245 3222 1184 3300; baseline 0 -20"><span class='ocrx_word' id='word_1_286' title='bbox 245 3225 261 3280; x_wconf 79' lang='lat'>³</span> <span class='ocrx_word' id='word_1_287' title='bbox 283 3231 422 3296; x_wconf 88' lang='lat' dir='ltr'>cuperent</span> <span class='ocrx_word' id='word_1_288' title='bbox 442 3222 594 3282; x_wconf 87' lang='lat' dir='ltr'>redimere.</span> <span class='ocrx_word' id='word_1_289' title='bbox 636 3225 735 3300; x_wconf 86' lang='lat' dir='ltr'>Itaque</span> <span class='ocrx_word' id='word_1_290' title='bbox 759 3227 790 3284; x_wconf 90' lang='lat' dir='ltr'>in</span> <span class='ocrx_word' id='word_1_291' title='bbox 811 3227 890 3295; x_wconf 90' lang='lat' dir='ltr'>urbe,</span> <span class='ocrx_word' id='word_1_292' title='bbox 906 3225 1095 3284; x_wconf 88' lang='lat' dir='ltr'>celeberrimo</span> <span class='ocrx_word' id='word_1_293' title='bbox 1108 3225 1184 3294; x_wconf 91' lang='lat' dir='ltr'>loco,</span> 
     </span>
     <span class='ocr_line' id='line_1_38' title="bbox 282 3300 1184 3383; baseline 0.001 -26"><span class='ocrx_word' id='word_1_294' title='bbox 282 3300 374 3357; x_wconf 87' lang='lat' dir='ltr'>elatus</span> <span class='ocrx_word' id='word_1_295' title='bbox 388 3301 513 3383; x_wconf 80' lang='lat' dir='ltr'>publice,</span> <span class='ocrx_word' id='word_1_296' title='bbox 528 3303 655 3378; x_wconf 87' lang='lat' dir='ltr'>sepulcri</span> <span class='ocrx_word' id='word_1_297' title='bbox 669 3314 851 3360; x_wconf 88' lang='lat' dir='ltr'>monumento</span> <span class='ocrx_word' id='word_1_298' title='bbox 865 3304 985 3362; x_wconf 87' lang='lat' dir='ltr'>donatus</span> <span class='ocrx_word' id='word_1_299' title='bbox 1001 3313 1055 3361; x_wconf 88' lang='lat' dir='ltr'>est.</span> <span class='ocrx_word' id='word_1_300' title='bbox 1097 3302 1184 3360; x_wconf 89' lang='lat' dir='ltr'>Diem</span> 
     </span>
     <span class='ocr_line' id='line_1_39' title="bbox 281 3377 1184 3458; baseline 0.004 -24"><span class='ocrx_word' id='word_1_301' title='bbox 281 3377 353 3434; x_wconf 90' lang='lat' dir='ltr'>obiit</span> <span class='ocrx_word' id='word_1_302' title='bbox 366 3377 482 3438; x_wconf 85' lang='lat' dir='ltr'>circiter</span> <span class='ocrx_word' id='word_1_303' title='bbox 495 3399 586 3438; x_wconf 86' lang='lat' dir='ltr'>annos</span> <span class='ocrx_word' id='word_1_304' title='bbox 600 3382 803 3458; x_wconf 87' lang='lat' dir='ltr'>quinquaginta</span> <span class='ocrx_word' id='word_1_305' title='bbox 817 3381 940 3456; x_wconf 91' lang='lat' dir='ltr'>quinque</span> <span class='ocrx_word' id='word_1_306' title='bbox 951 3392 1044 3450; x_wconf 87' lang='lat' dir='ltr'>natus,</span> <span class='ocrx_word' id='word_1_307' title='bbox 1055 3391 1184 3455; x_wconf 90' lang='lat' dir='ltr'>quartum</span> 
     </span>
     <span class='ocr_line' id='line_1_40' title="bbox 280 3459 1182 3539; baseline 0.003 -26"><span class='ocrx_word' id='word_1_308' title='bbox 280 3466 347 3534; x_wconf 90' lang='lat' dir='ltr'>post</span> <span class='ocrx_word' id='word_1_309' title='bbox 360 3474 474 3530; x_wconf 87' lang='lat' dir='ltr'>aunum,</span> <span class='ocrx_word' id='word_1_310' title='bbox 488 3477 573 3536; x_wconf 89' lang='lat' dir='ltr'>quam</span> <span class='ocrx_word' id='word_1_311' title='bbox 586 3479 623 3518; x_wconf 85' lang='lat' dir='ltr'>ex</span> <span class='ocrx_word' id='word_1_312' title='bbox 637 3461 780 3539; x_wconf 88' lang='lat' dir='ltr'>Pelopom</span> <span class='ocrx_word' id='word_1_313' title='bbox 789 3479 840 3518; x_wconf 88' lang='lat' dir='ltr'>eso</span> <span class='ocrx_word' id='word_1_314' title='bbox 854 3459 885 3518; x_wconf 94' lang='lat' dir='ltr'>in</span> <span class='ocrx_word' id='word_1_315' title='bbox 899 3459 1034 3518; x_wconf 86' lang='lat' dir='ltr'>Siciliam</span> <span class='ocrx_word' id='word_1_316' title='bbox 1051 3459 1182 3517; x_wconf 86' lang='lat' dir='ltr'>redierat.</span> 
     </span>
    </p>
   </div>
   <div class='ocr_carea' id='block_1_3' title="bbox 0 0 1352 4306">
    <p class='ocr_par' dir='ltr' id='par_1_14' title="bbox 0 0 1352 4306">
     <span class='ocr_line' id='line_1_41' title="bbox 0 0 1352 4306; baseline 0 0"><span class='ocrx_word' id='word_1_317' title='bbox 0 0 1352 4306; x_wconf 95' lang='lat' dir='ltr'> </span> 
     </span>
    </p>
   </div>
  </div>
 </body>
</html>
