2680 4304
258 407 319 466 100
362 397 472 464 XXV.
515 405 545 473 6,
561 403 589 461 t.
636 395 688 482 (Τ.
704 395 900 482 Pomponiam
913 396 1062 480 Atticus.)

251 553 291 620 Q.
305 551 406 612 Tullio
419 551 572 611 Ciceroni:
592 569 700 628 easque
713 551 830 630 nuptias
851 550 892 609 M.
907 550 1012 610 Cicero
1025 551 1159 611 concilia

251 643 305 703 rat,
320 651 389 690 cum
413 650 470 708 quo
491 649 510 688 a
529 631 762 708 condiscipulatu
776 630 894 689 vivebat
917 630 1161 706 conjunctissime,

251 711 341 769 multo
354 711 444 769 etiam
465 709 648 782 familiarius,
663 729 751 787 quam
765 727 833 768 cum
847 709 967 780 Quinto,
982 719 1014 768 ut
1034 711 1161 787 judicari

250 791 345 869 pomit
370 791 437 868 plus
460 791 491 846 in
516 791 644 848 amicitia
669 789 767 848 valere
792 789 1009 848 similitudinem
1037 809 1160 862 morum,

211 873 229 926 t
249 889 337 947 quam
352 869 530 927 affinitatem.
564 869 705 928 Utebatur
718 879 815 927 autem
829 869 929 926 intime
944 867 984 934 Q.
996 868 1159 940 Hortensio,

249 949 359 1026 quibis
378 949 555 1026 temporibus
576 949 770 1025 principatum
792 947 963 1023 eloquentioe
984 949 1108 1019 tenebat,
1127 959 1160 1007 ut

250 1027 371 1106 intelligi
385 1045 442 1085 non
456 1037 560 1104 posset,
576 1037 642 1085 uter
652 1045 719 1085 eum
744 1028 809 1104 plus
829 1027 972 1104 diligeret,
987 1026 1100 1098 Cicero,
1122 1045 1160 1085 an

249 1105 439 1164 Hortensius:
471 1117 500 1164 et
522 1106 561 1177 id,
582 1106 657 1182 quod
682 1117 746 1164 erat
771 1105 983 1176 difficillimum,
1005 1107 1158 1178 efficiebat,

249 1196 288 1254 ut,
304 1186 380 1244 inter
392 1203 464 1262 quos
485 1195 573 1244 tantm
586 1183 682 1243 laudis
695 1195 771 1244 esset
791 1185 947 1254 aemulatio,
970 1186 1052 1244 nulla
1073 1187 1158 1244 iuter·

248 1263 364 1324 cederet
378 1265 555 1335 obtrectatio,
571 1275 704 1341 essetque
718 1265 822 1322 talium
836 1265 965 1322 virorum
980 1265 1094 1342 copula.

214 1349 225 1402 l
288 1342 341 1402 VI.
364 1343 397 1402 ln
405 1345 556 1421 republica
566 1345 607 1401 ite
617 1353 749 1402 versatus
757 1353 809 1414 est,
820 1354 852 1402 ut
860 1361 976 1420 semper
985 1345 1158 1421 optimarum

231 1428 234 1434 ’
248 1423 373 1500 partium
387 1433 416 1482 et
430 1433 505 1481 esset
519 1433 548 1481 et
561 1424 785 1492 existimaretur,
800 1441 894 1500 neque
909 1434 1006 1480 tamen
1019 1443 1051 1480 se
1065 1424 1158 1482 civili-

248 1503 302 1560 bus
316 1503 453 1560 fluctibus
473 1503 674 1574 committeret,
689 1502 766 1580 quod
790 1520 847 1560 nen
862 1502 955 1579 magis
975 1521 1024 1560 eos
1049 1503 1080 1560 in
1104 1521 1159 1562 sua

247 1591 385 1658 potestate
409 1582 592 1652 eristimabat
618 1601 691 1652 esse,
711 1583 763 1658 qui
787 1601 818 1640 se
832 1581 877 1639 his
896 1580 1049 1651 dedissent,
1070 1600 1159 1657 quam

208 1661 297 1738 >iqui
322 1661 474 1718 maritimis
493 1661 684 1737 jactarentur.
727 1661 860 1719 Honores
881 1677 938 1718 non
963 1661 1052 1736 petiit,
1067 1678 1159 1736 quum

247 1739 274 1796 ei
298 1750 428 1816 paterent
451 1751 566 1817 propter
582 1740 628 1797 vel
652 1741 776 1817 gratiam
796 1739 843 1797 vel
862 1739 1048 1817 dignitatem:
1081 1739 1158 1816 quod

247 1835 341 1894 neque
356 1819 413 1894 peti
428 1837 507 1876 more
523 1819 674 1894 majorum,
690 1837 784 1896 neque
798 1819 863 1894 capi
878 1827 991 1895 possent
1004 1835 1157 1876 conserva-

247 1897 284 1953 tis
304 1896 426 1973 legibus,
443 1898 473 1952 in
497 1907 556 1954 tam
577 1897 676 1954 effusis
690 1899 815 1955 ambitus
840 1897 1049 1974 largitionibus,
1063 1915 1158 1974 neque

246 1975 309 2051 geri
324 1975 500 2050 erepublica
509 1977 571 2034 sine
581 1976 719 2053 periculo,
731 1977 874 2054 corruptis
883 1977 1009 2034 civitatis
1018 1977 1155 2034 moribus.

207 2058 226 2112 3
248 2053 296 2110 Ad
310 2053 423 2110 hastam
448 2054 596 2130 publicam
616 2073 777 2131 numquam
798 2056 930 2114 accessit.
970 2055 1094 2114 Nullius
1114 2057 1157 2112 rei

246 2149 340 2207 neque
356 2150 438 2208 praes,
454 2151 548 2208 neque
563 2151 703 2210 manceps
722 2133 818 2192 factus
832 2145 885 2193 est.
928 2133 1086 2192 Neminem
1107 2153 1156 2192 ue·

246 2229 303 2288 que
318 2229 371 2268 suo
384 2212 509 2282 nomine,
524 2231 620 2289 neque
640 2213 834 2284 subscribens,
851 2213 1012 2272 accusavit.
1054 2212 1088 2271 ln
1107 2213 1157 2289 jus

207 2295 226 2349 4
246 2289 281 2348 de
296 2309 350 2348 sua
365 2309 396 2348 re
411 2309 571 2368 numquam
585 2292 637 2364 iit;
657 2291 801 2368 judicium
815 2292 929 2351 nullum
944 2292 1054 2350 habuit.
1080 2291 1156 2350 Mul-

245 2379 341 2429 torum
365 2371 518 2429 consulum
543 2381 756 2448 pratorumque
778 2371 967 2448 praefecturas
990 2371 1100 2430 deletas
1113 2373 1157 2430 sic

246 2451 368 2528 accepit,
391 2461 424 2509 ut
437 2452 584 2512 neminem
605 2451 635 2508 in
656 2451 836 2528 provinciam
850 2451 888 2509 sit
907 2460 1035 2521 secutus,
1050 2451 1156 2508 honore

246 2527 334 2588 suerit
348 2540 508 2601 contentus,
524 2531 568 2590 rei
590 2529 742 2588 familiaris
755 2529 918 2608 despexerit
938 2529 1083 2588 fructum:
1104 2531 1156 2606 qui

244 2627 282 2667 ne
306 2627 375 2667 cum
399 2609 439 2676 Q.
465 2609 581 2688 quidem
603 2609 745 2669 Cicerone
768 2609 893 2668 voluerit
914 2609 958 2667 ire
982 2609 1013 2665 in
1040 2609 1154 2680 Asiam,

244 2706 335 2762 quum
360 2688 436 2764 apud
460 2707 529 2746 eum
552 2688 643 2766 legati
666 2689 765 2748 locum
787 2689 922 2747 obtinere
941 2696 1044 2764 posset.
1086 2687 1155 2746 Non

244 2765 324 2822 enim
345 2765 451 2824 decere
470 2787 502 2824 se
526 2768 730 2838 arbitrabatur,
755 2785 847 2844 quum
871 2777 1029 2846 praeturam
1051 2785 1155 2844 gerere

204 2847 224 2902 5
244 2844 392 2914 noluisset,
408 2846 551 2902 asseclam
561 2865 624 2904 esse
638 2847 777 2922 praetoris.
819 2845 889 2912 Qua
902 2847 933 2903 in
947 2864 978 2904 re
989 2863 1045 2904 non
1059 2845 1154 2904 solum

244 2921 376 3001 dignitati
390 2925 543 2993 serviebat,
558 2924 608 2982 sed
622 2926 709 2983 etiam
723 2926 935 3002 tranquillitati,
949 2943 1041 3002 quum
1061 2925 1153 3000 suspi-

243 3003 342 3060 ciones
361 3021 476 3080 quoque
501 3004 605 3061 vitaret
628 3005 794 3062 criminum.
836 3004 905 3070 Quo
926 3004 1022 3073 fiebat,
1037 3013 1069 3062 ut
1089 3004 1154 3079 ejus

242 3081 426 3140 observantia
438 3083 572 3140 omnibus
585 3093 660 3142 esset
673 3083 777 3155 carior,
792 3103 884 3161 quum
898 3102 964 3142 eam
978 3081 1081 3153 officio,
1096 3100 1153 3141 nou

243 3161 339 3218 timori
353 3179 448 3238 neque
462 3163 523 3239 spei
536 3161 625 3220 tribui
639 3162 780 3221 viderent.

205 3243 220 3298 1
282 3239 350 3298 VII.
371 3238 475 3298 Incidit
489 3240 689 3299 Caesarianum
704 3242 792 3300 civile
817 3241 937 3313 bellum,
953 3260 1046 3318 quum
1065 3241 1152 3299 habe-

243 3327 286 3376 ret
301 3337 391 3377 annos
405 3321 522 3378 circiter
535 3323 695 3398 sexaginta.
737 3321 816 3381 Usus
830 3332 874 3380 est
888 3323 980 3379 aetatis
991 3321 1151 3391 vacatione,

242 3415 337 3476 neque
353 3398 412 3476 [se]
426 3419 572 3476 quoquam
590 3401 679 3458 movit
693 3419 729 3459 ex
744 3402 827 3459 urbe.
870 3401 946 3467 Quae
967 3400 1070 3458 amicis
1091 3400 1152 3458 suis

242 3497 314 3554 opus
336 3477 451 3538 fuerant
475 3479 509 3537 ad
535 3478 702 3557 Pompeium
726 3481 983 3558 proficiscentibus,
997 3479 1095 3537 omnia
1114 3495 1152 3536 ex

242 3575 349 3616 auare
374 3557 511 3617 familiari
531 3558 619 3616 dedit.
660 3559 759 3636 Ipsum
780 3559 950 3638 Pompeium
962 3557 1152 3633 conjunctum

224 3645 226 3647 ’
242 3653 297 3695 non
309 3635 442 3698 offendit:
463 3637 578 3696 nullum
591 3637 698 3716 [enim]
714 3638 750 3696 ab
759 3657 794 3697 eo
807 3639 931 3697 habebat
938 3645 1151 3704 ornamentum,

242 3724 275 3774 ut
285 3717 384 3789 ceteri,
394 3719 444 3794 qui
458 3735 510 3794 per
518 3735 587 3776 eum
601 3727 652 3776 aut
664 3717 794 3788 honores,
805 3726 856 3775 aut
869 3716 985 3775 divitias
995 3722 1150 3792 ceperaut;

241 3811 365 3870 quorum
389 3798 494 3874 partim
518 3795 682 3856 invitissimi
706 3804 803 3854 castra
826 3806 894 3855 sunt
920 3795 1023 3865 secuti,
1046 3793 1150 3871 partim
