2692 4306
376 349 419 412 ll.
457 357 486 426 2,
503 357 533 414 3.
570 351 834 432 (Themistocles.)
1026 359 1065 419 1⁵

164 497 305 556 serviens.
347 496 471 554 Multum
481 497 510 554 in
521 496 640 573 judiciis
654 498 771 573 privatis
782 501 966 568 versabatur;
988 519 1066 576 sepe

163 577 194 634 in
208 576 382 634 concionem
400 576 499 650 populi
516 575 664 650 prodibat;
684 577 764 634 nulla
779 596 827 635 res
846 579 936 654 major
949 579 1013 636 siue
1029 597 1066 637 eo

164 657 324 730 gerebatur,
356 654 556 728 celeriterque,
586 673 648 729 quae
675 673 747 731 opus
776 667 865 726 erent,
891 657 1064 733 reperiebat.

164 734 268 807 Neque
282 735 378 790 minus
392 733 422 789 in
436 733 521 790 rebus
543 735 679 809 gerendis
700 745 835 808 promtus,
849 755 934 810 qnam
948 733 1077 812 excogid
1085 741 1103 796 4

163 813 268 881 tendis,
283 823 352 880 erat,
367 811 442 884 quod
463 822 492 868 ct
511 811 547 868 de
566 812 737 870 instantibus
752 815 795 889 (ut
809 815 849 870 ait
862 814 1064 892 Thucydides>

167 891 315 948 verissime
334 891 491 966 judicabat,
506 901 535 947 et
551 891 587 948 de
607 891 707 948 futuris
723 893 912 950 callidissime
928 894 1065 970 conjicie-

165 972 220 1026 bat.
263 970 329 1034 Quo
344 969 449 1026 sactum
464 979 518 1038 est,
532 982 563 1026 ut
575 971 655 1028 brevi
669 969 797 1046 tempdre
812 973 1010 1030 illustraretur.

203 1049 244 1106 ll.
275 1049 389 1105 Primus
404 1058 499 1104 autem
513 1049 616 1124 gradus
630 1049 683 1106 suit
697 1051 883 1124 capessenda
898 1051 1064 1126 reipublice
1089 1073 1101 1110 r

163 1128 241 1184 bello
265 1127 435 1202 Corcyraeo:
462 1127 498 1184 ad
521 1127 596 1205 quod
617 1129 774 1204 gerendum
796 1141 898 1204 praetor
918 1149 936 1186 a
959 1131 1065 1205 populo

164 1206 257 1264 sactus
270 1225 328 1262 non
342 1207 435 1263 solum
448 1207 583 1281 praesenti
596 1208 683 1276 bello,
697 1207 751 1264 sed
770 1208 856 1264 etiam
870 1208 981 1282 reliquo
994 1221 1065 1266 tern-

165 1304 234 1360 pore
248 1284 420 1342 ferociorem
433 1284 557 1342 reddidit
571 1285 724 1342 civitatem.
750 1287 827 1342 Nam
840 1306 926 1361 quum
939 1288 1065 1362 pecunia
1084 1294 1103 1346 ‘t

165 1363 290 1438 publica,
311 1382 373 1437 quac
396 1381 434 1420 ex
453 1363 579 1420 metallis
601 1364 720 1433 redibat}
740 1365 892 1440 largitione
916 1367 1065 1441 magistra-

165 1454 245 1500 tuum
258 1441 406 1516 quotannis
421 1441 559 1511 interiret‚
573 1442 623 1499 ille
637 1439 781 1518 persuasit
794 1445 908 1519 populo,
921 1455 953 1501 ut
966 1449 1002 1500 εἰ
1015 1463 1065 1518 pe-

167 1521 254 1578 cunia
264 1521 366 1577 classis
378 1531 494 1578 centum
506 1520 624 1578 navium
635 1521 832 1578 edificaretur.
855 1523 921 1588 Qua
932 1523 1066 1580 celeriter
1086 1527 1104 1582 3

166 1599 282 1668 effecta,
292 1600 411 1674 primum
423 1600 594 1674 Corcyraeos
605 1599 699 1675 fregit,
711 1599 816 1656 deinde
827 1600 983 1657 maritimos
997 1619 1067 1676 prae·

165 1679 258 1736 dones
281 1679 473 1736 consectando
495 1697 573 1736 mare
596 1689 685 1736 tutum
707 1677 840 1736 reddidit.
881 1679 917 1736 In
935 1697 990 1753 quo
1008 1690 1068 1736 tum

165 1757 275 1814 divitiis
287 1758 405 1828 ornavit,
416 1769 476 1814 tum
487 1757 574 1814 etiam
584 1756 776 1834 peritissimos
791 1758 860 1815 belli
871 1759 982 1814 navalis
997 1757 1067 1816 fecit

164 1836 372 1894 Athenienses.
414 1837 449 1894 Id
472 1846 583 1911 quantae
608 1837 694 1894 saluti
718 1835 803 1894 suerit
824 1837 965 1894 universae
986 1837 1065 1895 Grae-
1085 1844 1104 1896 4

164 1916 227 1984 ciae,
241 1917 319 1972 bello
334 1916 480 1991 cognitum
494 1925 539 1972 est
561 1915 691 1985 Persice,
705 1935 791 1990 quum
813 1917 929 1973 Xerxes
947 1927 976 1974 et
993 1919 1065 1976 mari

164 2007 193 2051 et
212 2007 287 2051 terra
309 1995 417 2052 bellum
437 1995 577 2052 universae
598 1995 716 2070 inferret
737 1995 860 2071 Eurcpae
882 2015 947 2052 cum
1008 2023 1044 2061 431

162 2074 250 2130 tantis
265 2073 369 2148 copiis,
383 2084 503 2148 quantas
517 2093 612 2147 neque
627 2085 720 2143 autea«,
735 2093 829 2150 neque
844 2085 947 2150 postea
984 2083 1004 2110 ¹²·
1013 2074 1037 2112 ⁰·
1046 2083 1067 2112 ¹¹·

162 2153 263 2209 habuit
276 2152 436 2227 quisquam.
478 2153 572 2229 Hujus
593 2153 669 2210 enim
689 2153 792 2210 classis
811 2155 891 2210 mille
911 2164 940 2210 et
958 2153 1065 2210 ducen-
1085 2155 1104 2208 5

162 2245 256 2288 tarum
268 2232 385 2288 navium
405 2233 553 2307 longarum
572 2231 634 2302 fuit,
648 2251 732 2306 quam
746 2233 802 2288 duo
822 2232 903 2290 milia
921 2232 1065 2290 oneraria·

163 2330 226 2367 rum
250 2312 460 2384 sequebantur3
494 2322 644 2368 terrestres
670 2322 765 2368 autem
789 2310 933 2367 exercitus
959 2311 1066 2385 septin-

163 2400 315 2465 gentorum
340 2388 457 2446 milium*
480 2390 618 2464 pediturn,
643 2389 769 2462 equitum
795 2388 1067 2462 quadringentorum

164 2468 276 2524 milium
296 2467 418 2525 fuerunt.
460 2469 551 2544 Cujus
566 2468 602 2525 de
617 2467 741 2524 adventu
753 2485 840 2540 quum
854 2466 929 2522 fama
942 2466 972 2522 iu
988 2466 1067 2522 Grae·
1087 2469 1106 2523 6

165 2548 242 2604 ciam
253 2557 334 2604 esset
346 2548 464 2622 perlata,
476 2557 505 2604 et
518 2547 642 2604 maxime
654 2545 850 2602 Athenienses
865 2543 925 2618 peti
936 2541 1067 2600 diceren-

165 2639 210 2682 tur
232 2635 347 2700 propter
368 2645 493 2701 pugnaui
515 2624 744 2683 Marathoniam:
774 2621 913 2680 miserunt
935 2621 1066 2699 Delphos

165 2705 338 2774 consultum,
348 2705 483 2778 quidnam
497 2704 627 2761 facerent
640 2703 676 2760 de
692 2705 776 2760 rebus
792 2702 862 2760 suis.
896 2703 1066 2760 Deliberan-

165 2785 243 2840 tibus
259 2783 363 2858 Pythia
377 2783 534 2858 respondit,
547 2794 578 2839 ut
591 2783 731 2840 mcenibus
746 2781 852 2858 ligneis
866 2801 899 2839 se
913 2781 1065 2854 munirent.

166 2863 202 2920 ld
229 2880 399 2937 responsum
425 2881 481 2936 quo
508 2863 628 2943 valeret,
657 2880 743 2936 quum
769 2861 944 2936 intelligeret·
970 2866 1106 2932 nemc‚7

166 2940 382 2998 Themistocles
402 2941 553 3016 persuasit,
568 2935 721 2998 ¹consilium
736 2960 803 2998 essa
818 2939 973 3014 Apollinis,
987 2950 1018 2996 ut
1035 2940 1066 2998 in

165 3039 258 3078 naves
270 3039 302 3076 se
314 3039 422 3094 supque
434 3021 597 3078 conferrent
607 3040 614 3076 ε
624 3055 628 3066 ·
637 3039 703 3076 cum
717 3019 795 3076 enim
808 3037 826 3076 a
839 3019 894 3076 deo
908 3018 1066 3094 significari
1098 3018 1101 3024 ’

165 3117 278 3155 murum
291 3098 429 3173 ligneum.
451 3099 518 3156 Tali
533 3097 655 3156 consilio
669 3099 796 3173 probato,
811 3097 917 3154 addunt
931 3097 967 3154 ad
981 3115 1066 3172 supe·
1087 3101 1105 3156 Β

164 3177 258 3234 riores
270 3177 388 3233 totidem
398 3197 488 3234 naves
499 3178 640 3246 triremes,
652 3195 759 3250 suaque
771 3177 875 3245 omnia,
886 3194 947 3250 quae
958 3177 1066 3233 moveri

164 3266 307 3332 poterant,
329 3256 432 3330 partim
455 3255 726 3330 Salamina,partim
743 3255 884 3310 Troezena
903 3265 1066 3328 asportaut3

165 3353 265 3390 arcem
279 3333 477 3391 sacerdotibus
498 3333 655 3408 paucisque
675 3333 828 3408 majoribus
843 3343 919 3402 natu,
933 3353 967 3390 ac
983 3353 1067 3390 sacra

164 3412 348 3488 procuranda
361 3413 481 3482 tradunt,
495 3413 635 3486 reliquum
649 3411 785 3486 oppidum
798 3411 967 3485 relinquunt.

206 3491 264 3548 ΙΙΙ.
288 3491 383 3566 Hujus
394 3491 546 3548 consilium
557 3491 702 3565 plerisque
712 3489 874 3546 civitatibus
886 3489 1068 3564 displicebat,
1092 3495 1102 3549 l

166 3580 194 3628 et
206 3569 237 3626 in
248 3580 325 3626 terra
335 3569 465 3626 dimicari
475 3569 567 3644 magis
581 3570 723 3642 placebat.
758 3567 857 3640 Itaque
868 3569 951 3624 missi
983 3607 1004 3645 d,
1012 3607 1024 3644 g
1032 3605 1069 3646 Μ

166 3659 234 3706 sunt
243 3647 423 3704 delecticum
433 3648 572 3717 Leonida,
584 3646 951 3720 Lacedaemouiorumrege,
1012 3654 1050 3692 ⁴8⁰
1124 3717 1125 3722 ἵ
1157 3649 1161 3655 ’

167 3727 435 3802 qui'lhermopylas
444 3736 628 3801 occuparent,
637 3724 807 3800 longiusque
816 3721 952 3780 barbaros
988 3703 1074 3744 ⁸⁰⁹¹·
