2692 4306
274 361 319 424 ω
466 355 532 424 XV
534 405 542 420 .
585 362 615 432 δ,
630 363 660 422 6.
706 353 988 442 (Epmniccedor.)

274 527 349 580 mus,
365 527 490 588 quorum
509 509 665 586 separatim
683 507 782 568 multis
801 506 932 568 millibus
944 525 1085 568 versuum
1104 527 1182 572 com·

274 587 373 665 plures
385 588 540 664 scriptores
554 597 620 646 ante
634 605 687 648 nos
699 587 893 664 explicarunt.

236 671 252 726 l
314 665 353 724 V.
375 665 446 726 Fuit
458 667 546 726 etiam
559 665 692 736 disertus,
706 676 739 724 ut
752 684 838 724 nemo
849 665 878 724 ei
892 663 1053 726 Thebanus
1071 685 1125 744 per
1137 687 1182 728 es-

273 753 317 803 set
329 745 512 820 eloquentia:
531 763 628 821 neque
648 746 745 804 minus
758 745 919 804 mucianus
936 745 967 801 in
981 744 1123 806 brevitate
1137 766 1183 806 re·

234 822 439 900 2sp0ndendi,
453 842 542 900 quam
562 824 592 881 in
606 833 745 901 perpetue
757 824 885 882 oratione
899 831 1029 882 ornatus.
1070 823 1184 886 Habuit

273 901 492 960 obtrectatorem
513 901 707 960 Meneclidam
726 902 891 978 quemdam,
912 899 1039 960 indidem
1060 901 1182 976 Thebis,

273 988 303 1038 et
316 979 514 1038 edversarmm
527 981 558 1038 in
572 980 796 1038 administranda
810 979 969 1056 republica,
988 981 1059 1040 satis
1071 983 1183 1040 exerci-

273 1068 366 1116 tatum
383 1059 414 1116 in
427 1058 557 1129 dicendo,
572 1068 605 1118 ut
625 1059 799 1118 Thebanum
812 1058 935 1118 scilicet.
977 1058 1008 1116 N
1010 1077 1116 1136 amque
1137 1061 1184 1119 illi

235 1139 253 1192 b
273 1137 354 1213 genti
374 1137 440 1213 plus
455 1137 530 1196 inest
543 1137 660 1208 virium,
680 1155 770 1213 quam
783 1136 903 1214 ingenii.
945 1135 984 1207 ls,
998 1137 1076 1213 quod
1096 1138 1127 1196 in
1150 1157 1183 1198 re

273 1215 393 1274 militari
417 1217 520 1276 florere
539 1215 770 1292 Epaminondam
788 1215 914 1286 ridebat,
938 1215 1048 1274 hortari
1071 1215 1185 1276 solebat

274 1292 437 1363 Thebanos,
452 1303 485 1352 ut
505 1311 607 1370 pacem
621 1294 698 1352 bello
713 1291 898 1364 anteferrent,
912 1312 949 1352 ne
963 1293 1044 1352 illius
1057 1295 1184 1371 impera-

273 1373 343 1430 toris
352 1391 441 1450 opera
454 1372 677 1432 desideraretur.
718 1372 800 1431 Huic
809 1372 870 1442 ille,
884 1370 987 1442 Follis,
1001 1373 1105 1448 inquit,
1118 1393 1182 1434 eer-

274 1450 307 1508 to
327 1453 486 1522 cicactrice,
505 1452 642 1527 qnodltca
659 1451 898 1510 abelleacoeas:
919 1454 969 1508 otii
988 1453 1183 1514 mmmmm

233 1531 430 1590 laenitatem
451 1532 594 1590 marilias.
642 1527 720 1588 Nam
738 1532 853 1606 paritur
870 1547 929 1604 pac
951 1529 1033 1588 bello.
1083 1529 1184 1608 Itaque

272 1611 321 1683 qni
342 1627 376 1668 ea
397 1610 505 1668 diatim
526 1610 622 1668 celant
629 1607 709 1686 frui,
734 1608 804 1668 bello
824 1611 968 1668 eaercimi
988 1627 1050 1669 aare
1071 1610 1182 1670 debeat.

276 1685 373 1760 Quare
392 1689 420 1746 ai
434 1690 577 1766 principes
599 1687 715 1748 Gracia
732 1705 793 1746 ease
810 1687 905 1756 cadro,
919 1690 1022 1745 casnm
1041 1697 1083 1748 eat
1103 1689 1184 1748 cobis

233 1764 252 1817 5
272 1767 411 1836 medam
438 1785 493 1825 nort
515 1767 660 1841 palestra.
702 1765 783 1825 Idem
806 1765 857 1825 ille
881 1764 1061 1824 Meneclides
1087 1786 1183 1844 quum

272 1842 342 1902 huic
355 1844 501 1920 objiceret,
515 1844 592 1921 qnod
610 1845 715 1902 liberos
728 1863 786 1902 non
806 1844 935 1915 haberet,
949 1863 1044 1921 neque
1059 1864 1182 1905 uxorem

272 1919 421 1994 duxisset3
443 1923 626 1999 maximeque
642 1923 833 1994 insolentiam,
854 1923 932 2000 quod
944 1923 1000 1982 sibi
1020 1925 1182 2002 Agamem·

272 2000 355 2060 tonis
369 2000 438 2058 belli
451 2001 573 2077 gloriam
583 2001 731 2060 rideretur
743 2012 935 2061 consecutus:
955 2011 994 2074 at,
1004 2002 1064 2074 ille,
1073 2005 1182 2076 deciae

271 2079 374 2156 mquit,
387 2076 601 2150 moneremur
614 2097 699 2139 neore
712 2081 781 2140 milti
789 2081 977 2157 meritare:
992 2099 1059 2152 nam
1071 2083 1183 2142 nudius

271 2157 302 2214 ic
314 2159 370 2215 abta
382 2177 414 2217 re
426 2160 519 2216 minua
532 2160 574 2217 ati
586 2159 700 2218 cmuilio
713 2160 784 2218 eolo.
824 2158 974 2311 gildoba
987 2161 1065 2218 enim
1079 2160 1181 2222 Mene-

930 2247 1022 2298 catem
1047 2258 1090 2300 me
1117 2239 1180 2318 Ag-

232 2238 251 2292 6
271 2235 363 2295 clidas
385 2237 579 2314 suspicionem
602 2237 747 2296 adulterii.

273 2333 457 2378 octennem
478 2318 605 2376 emulari
623 2326 718 2391 putea
729 2237 861 2394 ianam.
901 2315 1031 2394 Namque
1053 2319 1102 2380 ille
1116 2338 1182 2378 eum

271 2396 403 2454 aciemn
418 2393 1104 2471 Grmmcrbdeeemaaaisauameepitnrbem
1128 2416 1182 2476 ege

271 2481 366 2532 centra
389 2493 423 2534 ea
444 2493 502 2533 arta
523 2474 590 2534 urbe
613 2484 709 2534 norea
730 2475 828 2550 dieque
848 2493 904 2532 ano
924 2484 1007 2532 totam
1029 2473 1179 2548 Graeciam,

271 2549 615 2631 Lacedmncniiesugatis,
630 2553 756 2614 liberavi.
814 2569 871 2617 -t-

233 2633 246 2685 1
310 2631 363 2690 VI.
395 2631 475 2690 Idem
498 2651 589 2708 quum
614 2632 643 2688 in
668 2641 842 2690 conventum
864 2631 989 2690 venisset
1013 2632 1178 2705 Arcadum,

270 2718 377 2783 petens,
393 2719 425 2767 ut
438 2711 602 2768 societatem
613 2729 684 2768 cum
698 2709 847 2769 Thebani
855 2719 884 2768 et
898 2710 1019 2788 Argivis
1029 2710 1177 2771 facerent:

269 2797 425 2862 contraque
448 2786 640 2858 Callistratus,
665 2789 889 2848 Atheniensium
909 2789 1032 2866 legatus,
1046 2791 1098 2866 qui
1118 2791 1176 2852 elo-

269 2865 387 2940 quentia
399 2883 499 2936 omnes
512 2885 547 2924 eo
567 2868 721 2942 praestabat
740 2878 876 2944 tempore,
891 2867 1058 2944 postularet,
1074 2879 1106 2928 ut
1127 2889 1175 2946 pc·

269 2943 326 3001 tius
348 2944 505 3002 amicitiam
527 2955 719 3020 sequerentur
742 2947 917 3016 Atticorum,
941 2956 970 3004 et
993 2947 1024 3004 in
1047 2947 1176 3008 oratione

268 3040 322 3081 sua
342 3023 435 3080 multa
458 3023 591 3082 invectus
611 3034 686 3082 esset
709 3024 919 3084 in‘Tbebanos
932 3035 961 3083 et
985 3025 1122 3102 Argivos,
1144 3028 1175 3085 in

230 3101 367 3178 deisque
391 3099 447 3160 hoc
465 3103 623 3178 posuisset3
653 3103 881 3162 animadvertere
904 3103 1008 3162 debere
1029 3103 1174 3176 Arcadas,

268 3180 370 3256 quales
393 3191 515 3258 utreque
536 3182 640 3240 civitas
660 3183 740 3242 cives
760 3192 947 3258 procreasset,
962 3202 998 3240 ex
1019 3183 1175 3258 quibusda

268 3260 373 3318 ceteris
387 3271 500 3339 possent
517 3259 669 3337 judicare:
694 3261 822 3340 Argivos
835 3261 912 3318 enim
935 3260 1025 3320 fuisse
1040 3260 1174 3320 Orestem

267 3348 296 3395 et
322 3338 528 3410 Alcmeonem,
548 3338 734 3412 matricidae;
767 3337 878 3398 Thebis
898 3337 1040 3417 OEdipnm
1061 3352 1173 3410 natum,

266 3417 326 3492 qui,
347 3435 438 3494 quum
460 3427 571 3494 patrem
584 3437 671 3476 suum
691 3417 890 3488 interfecisset,
905 3437 942 3476 ex
956 3427 1048 3476 matre
1068 3417 1174 3476 liberos

233 3492 245 3552 3
267 3507 460 3572 procreasset:
481 3497 530 3556 hic
539 3497 571 3554 in
585 3496 781 3574 respondendo
794 3495 1019 3574 Epaminondas,
1029 3515 1123 3574 quum
1137 3495 1173 3554 de

265 3575 370 3632 ceteris
391 3585 559 3652 perorasset,
574 3587 725 3654 postquam
745 3575 781 3634 ad
801 3575 854 3634 illa
874 3575 931 3634 duo
943 3575 1096 3652 opprobria
1109 3593 1172 3652 per·

266 3653 352 3722 venit,
378 3653 514 3714 admirari
538 3673 570 3714 se
594 3653 666 3713 dixit
685 3653 836 3713 stultitiam
856 3653 977 3712 rhetoris
997 3653 1100 3725 Attici,
1120 3653 1171 3729 qui

267 3749 321 3788 non
331 3733 573 3805 animadverterit,
588 3733 755 3792 innocentes
768 3733 834 3792 illos
847 3743 947 3806 natos3
969 3731 1046 3792 domi
1059 3729 1172 3790 scelera
