2692 4306
505 373 546 438 x.
590 316 714 454 (nm.)
1017 378 1055 436 o

156 521 330 582 reficiendos
353 529 442 589 curat,
463 519 651 594 pecuniaeque
675 518 880 594 quinquaginta
898 527 940 574 ta-
988 543 1027 586 a

154 603 241 671 lenta,
255 619 320 676 quae
334 619 352 656 a
373 597 560 657 Pharnabazo
574 607 736 673 acceperat,
750 597 862 654 civib'us
878 597 941 654 suis
964 603 985 634 ι
997 595 1022 636 ⁰·
1034 605 1051 636 ¹

154 680 251 738 donat.

193 757 232 814 V.
267 755 386 814 Accidit
399 753 477 824 huic,
491 753 567 828 quod
580 753 686 811 ceteris
699 753 874 824 mortalibus,
887 762 919 810 ut
934 753 1061 814 inaonsi·
1085 758 1097 814 l

151 834 280 892 deratior
306 834 339 892 in
362 833 500 902 secunda,
523 850 608 906 quam
634 833 665 890 in
689 832 811 890 adversa
834 842 914 890 esset
937 831 1059 892 fortuna.

150 913 232 972 Nam
246 914 345 970 alasse
370 911 648 986 Peloponnesiorum
671 910 786 968 devicta
808 929 895 986 quum
917 911 1008 968 ultum
1025 931 1059 971 se

149 991 275 1067 injurias
296 989 397 1066 patriae
419 1000 540 1065 putaret,
552 990 635 1065 plura
648 989 823 1065 concupivit,
836 1007 922 1065 quam
942 989 1059 1049 efficere

147 1070 255 1144 potuit.
296 1069 402 1142 Neque
415 1079 512 1126 tamen
526 1087 562 1125 sa
574 1086 633 1124 non
653 1067 703 1142 pia
717 1078 746 1124 at
768 1067 916 1144 probanda
936 1067 1059 1139 fuerumt,
1081 1074 1100 1128 2

148 1147 231 1220 quod
253 1147 350 1222 potius
377 1146 477 1222 panim
501 1163 573 1221 opes
601 1145 710 1222 augeri,
734 1163 819 1220 quam
844 1145 923 1222 regis
949 1147 1059 1206 maluit.

149 1225 233 1282 Nam
245 1243 332 1300 quma
345 1243 479 1300 magnam
492 1224 690 1282 auctoritatem
703 1223 758 1282 sibi
778 1243 875 1300 pugna
888 1224 939 1282 illa
951 1225 1059 1295 navali,

148 1321 241 1377 quam
264 1303 341 1378 apud
365 1302 490 1362 Cnidum
512 1302 630 1372 lecerat,
654 1302 861 1373 constituisset,
884 1321 942 1362 non
966 1304 1060 1361 solum

150 1381 232 1438 inter
243 1382 388 1452 barbaros,
402 1380 556 1438 sedetiam
569 1399 670 1438 omnes
693 1380 815 1439 Graeoiss
828 1379 970 1450 civitates,
984 1382 1060 1440 clam

153 1458 230 1516 dare
254 1477 367 1534 operam
391 1459 486 1534 coepit,
508 1469 539 1518 ut
560 1459 673 1516 Ioniam
693 1469 722 1516 et
744 1457 875 1517 AEoliam
896 1459 1061 1518 restitueret

155 1536 394 1596 Atheniensibus.
434 1537 470 1596 Id
483 1555 570 1614 quum
582 1537 679 1594 minas
702 1537 858 1612 diligenter
881 1547 962 1594 esset
983 1537 1060 1594 cela·
1080 1540 1098 1596 3

154 1625 229 1684 tum,
240 1615 397 1686 Tiribazns,
404 1616 454 1690 qui
465 1615 605 1674 Sardibus
618 1625 748 1691 preerat,
760 1615 910 1672 Cononem
921 1615 1060 1686 evocavit,

152 1692 307 1763 simulans,
321 1694 357 1752 ad
369 1713 469 1770 regem
482 1713 549 1752 eum
569 1712 603 1752 se
616 1694 729 1752 mittere
743 1693 822 1752 velle
838 1711 943 1769 magna
991 1723 1029 1764 ῃ

151 1771 250 1829 dere.
291 1772 386 1848 Hujus
405 1773 505 1831 nuntio
525 1791 631 1849 parens
653 1771 891 1848 quumrsnisset,
910 1772 942 1830 in
966 1773 1023 1814 *⁰-
1037 1783 1060 1814 a

150 1849 271 1907 vincula
285 1853 434 1927 conjectus
456 1862 510 1922 est,
529 1851 676 1927 inquibus
691 1851 864 1926 aliquamdiu
883 1850 946 1910 suit.
986 1851 1059 1910 Inde
1079 1855 1096 1908 ⁴1

150 1928 285 1986 nonnulli
299 1948 366 1987 eum
379 1930 417 1988 ad
435 1949 536 2006 regem
548 1931 709 2001 abductum,
722 1931 819 2004 ibique
839 1929 953 2005 perisse
967 1929 1059 2006 scrip-

150 2016 213 2062 tum
226 2007 413 2082 reliquerunt.
454 2009 561 2066 Contra
574 2027 611 2066 ea
635 2009 733 2068 Dinon
755 2008 921 2080 historicus,
936 2009 984 2066 cui
1004 2026 1059 2066 nos

151 2083 308 2158 plurimum
316 2085 353 2143 de
365 2086 495 2144 Persicis
509 2089 594 2146 rebus
604 2087 757 2158 eredimus,
766 2086 916 2164 effugisse,
925 2085 1057 2162 scripsit:

152 2161 227 2301 illu}
246 2163 403 2236 addubitat,
416 2175 509 2224 utrum
528 2167 663 2225 Tiribazo
677 2166 799 2237 scienta,
821 2184 859 2226 an
878 2165 1060 2244 imprudente

152 2249 194 2298 su
217 2251 324 2300 actum.

456 2623 519 2704 X.
578 2623 765 2703 DION.

453 2968 765 3031 ARGUMENTUM.

160 3111 256 3170 cAP.
281 3110 308 3170 I.
339 3111 539 3190 Dionysiorum
551 3114 818 3248 ssaisrtiatimus.
859 3110 904 3170 II.
925 3109 1061 3172 Platonis

195 3191 511 3268 dismpulusetamicus.
571 3191 614 3248 II.
631 3190 880 3249 SinmltasDa'oais
889 3201 917 3248 et
926 3189 1060 3268 Dionysii
1124 3226 1125 3235 κ

188 3270 323 3344 junioris.
364 3269 422 3327 IV.
446 3269 610 3328 Corintlmm
623 3271 772 3328 deuoluitur.
813 3269 890 3344 Ejus
900 3269 1059 3349 flliuspes·
1118 3281 1124 3326 ··,

69 3357 74 3364 ’
195 3348 263 3404 sinu
276 3347 418 3404 educatur.
463 3347 498 3404 V.
522 3348 726 3425 Syracusarum
739 3349 848 3426 potitus
862 3358 1009 3424 tyrannum
1022 3347 1061 3404 ad
1118 3354 1120 3369 '

190 3427 336 3500 pastiones
349 3427 398 3482 adi
423 3428 449 3483 ἐ.
494 3425 546 3484 VI.
566 3426 730 3484 Heraclidis
752 3426 823 3483 sauls
840 3426 973 3504 populum
990 3445 1009 3482 a
1029 3445 1059 3482 ss
1115 3449 1120 3491 λι

196 3503 309 3560 alienat.
342 3503 413 3562 VI.
437 3503 588 3582 Tyrannus
597 3505 681 3582 uulgo
690 3505 908 3582 appellaturum
932 3503 1057 3560 arandus.

199 3579 289 3638 VIII.
315 3582 477 3641 collibratis
500 3584 614 3642 rmsilt'o
633 3585 777 3662 damyitur.
818 3581 878 3640 IX.
929 3581 984 3638 omt'
1002 3597 1059 3635 sua

196 3659 240 3717 die
252 3659 334 3736 sesto
347 3661 489 3719 occiditur.
529 3643 572 3720 X.
597 3661 747 3721 Tumultus
755 3671 822 3739 post
835 3659 896 3735 aius
908 3665 1021 3715 monum
1032 3665 1061 3714 u

197 3737 364 3797 desider-ium
376 3741 486 3798 mortui.
601 3818 637 3874 4·
