2692 4306
244 384 286 444 ²4
483 379 540 443 IV·
576 386 607 459 4,
623 389 653 444 5·
697 383 913 466 (Patsonteos.)

247 527 393 603 putabant,
404 525 440 586 de
451 528 503 587 tali
512 539 626 604 tamque
638 530 716 588 claro
726 530 788 589 viro
797 530 1012 608 suspicionibus
1022 514 1182 622 emens,

244 605 380 684 judicari,
395 617 426 665 et
439 608 676 685 exspectandum,
690 609 758 667 dum
771 629 804 668 se
818 611 884 687 ipsa
896 629 945 669 res
960 622 1095 688 aperiret.

213 688 223 744 l
288 685 343 745 IV.
364 686 485 744 Interim
503 687 632 764 Argilius
656 688 782 763 quidam,
803 689 1052 762 adolescentuluei
1068 711 1156 766 quum

248 764 402 840 epistolam
410 767 446 823 ab
456 784 493 823 eo
507 766 544 824 ad
554 767 727 824 Artabazum
738 769 913 845 accepisset,
924 769 1009 845 eique
1019 769 1050 828 in
1061 771 1156 848 suspi-

249 843 364 901 cionem
371 845 511 916 veniset,
522 845 630 921 aliquid
643 845 675 903 in
689 865 725 904 ea
739 847 775 904 de
790 867 823 905 se
836 867 904 905 esse
917 849 1065 925 scriptum,
1079 849 1156 924 quod

247 941 334 980 nemo
343 942 442 981 eorum
454 923 601 994 rediisset,
615 924 664 1000 qui
677 944 766 1001 super
783 926 834 984 tali
849 946 939 984 causa
953 927 1058 985 eodem
1070 929 1155 987 missi

249 1013 340 1073 erant,
353 1003 471 1061 vincula
493 1002 623 1080 epistolae
643 1004 761 1075 laxavit,
775 1004 916 1081 signoque
929 1006 1066 1064 ¹detracto
1087 1025 1156 1084 cog·

208 1081 336 1152 2novit,
357 1081 383 1138 si
403 1083 580 1158 pertulisset,
602 1082 659 1140 sibi
681 1102 749 1140 ease
774 1085 989 1159 pereundumst:
1012 1085 1104 1143 Erant
1125 1087 1155 1144 iu

249 1159 353 1218 cadem
367 1159 499 1237 epistola,
513 1180 576 1236 quae
590 1161 627 1218 ad
641 1181 677 1218 ea
690 1162 880 1238 pertinebant,
890 1182 953 1238 quar
967 1163 1156 1241 interregem

249 1239 480 1316 Pausaniamque
502 1251 706 1298 convenerant.
747 1241 812 1299 Has
834 1241 885 1300 ille
906 1243 1016 1300 litteras
1038 1243 1156 1320 ephoris

209 1321 227 1374 3
248 1318 373 1376 tradidit.
428 1319 497 1378 Non
521 1329 567 1377 est
593 1320 792 1394 pretereunda
816 1321 943 1396 gravitas
969 1321 1155 1380 Lacedaemo-

248 1397 360 1455 niomm
378 1397 435 1456 hoc
453 1399 530 1456 loco.
572 1398 650 1456 Nam
668 1417 707 1459 ne
727 1396 813 1475 hujus
838 1400 955 1474 quidem
974 1400 1083 1459 indicio
1102 1401 1155 1459 im·

248 1477 414 1552 pulsi-sunt,
424 1488 456 1534 ut
470 1477 645 1535 Pausaniam
659 1477 955 1554 comprehenderent3
969 1499 1064 1553 neque
1075 1481 1155 1556 prius

250 1555 308 1612 vim
329 1555 522 1614 adhibendam
545 1566 723 1632 putaverunt,
737 1574 823 1631 quam
843 1576 877 1614 se
898 1557 963 1634 ipse
984 1559 1154 1618 iudicasset.

209 1637 228 1690 t
249 1634 351 1712 ltaque
365 1633 434 1693 huic
448 1634 549 1706 indici,
563 1635 632 1710 quid
645 1635 709 1693 fieri
721 1636 841 1706 vellent,
856 1649 1065 1713 praeceperunt.
1100 1639 1156 1697 Fa-

248 1731 316 1770 num
343 1713 472 1790 Neptuni
502 1725 547 1772 est
574 1714 699 1785 Taenari,
721 1714 797 1789 quod
819 1715 923 1773 violari
945 1715 1029 1773 nefas
1055 1727 1156 1792 putant

251 1791 357 1850 Graeci.
392 1793 438 1850 Eo
447 1793 497 1850 ille
511 1793 601 1851 index
615 1793 760 1870 confugit;
782 1793 813 1852 in
827 1813 877 1851 ara
891 1795 1032 1852 consedit.
1067 1795 1154 1853 Hanc

246 1871 328 1948 juxte
341 1872 439 1930 locum
451 1871 583 1930 fecerunt
596 1873 650 1929 sub
663 1883 748 1944 terra,
764 1891 802 1930 ex
821 1891 877 1950 quo
897 1884 998 1948 posset
1012 1873 1114 1946 audiri,
1128 1875 1155 1932 si

249 1950 314 2025 quis
341 1950 410 2025 quid
433 1951 597 2026 loqueretur
621 1970 687 2008 cmn
710 1952 833 2028 Argilio.
874 1952 942 2010 Huc
971 1972 1009 2011 ex
1037 1953 1154 2029 ephoris

210 2033 228 2086 5
249 2029 365 2104 quidam
378 2029 601 2088 descenderunt.
643 2030 815 2102 Pausanias,
829 2041 861 2090 ut
881 2032 997 2103 audivit,
1012 2031 1155 2109 Argilium

250 2107 417 2185 confugisse
431 2109 462 2168 in
483 2128 570 2180 eram,
583 2111 764 2186 perturbatus
778 2111 859 2168 venit
873 2129 919 2169 eo.
961 2112 1057 2178 Quem
1070 2131 1154 2187 quum

250 2188 425 2264 supplicem·
435 2189 494 2247 Dei
506 2189 619 2247 videret
639 2189 670 2247 in
690 2209 740 2247 ara
760 2189 921 2260 sedentem,
935 2191 1043 2264 quaerit,
1058 2209 1156 2248 causae

248 2267 318 2341 quid
331 2267 370 2325 eit
382 2278 441 2326 tam
454 2268 605 2346 repentino
627 2268 759 2326 oonsilio.
800 2268 880 2326 Huic
901 2269 962 2338 ille,
975 2268 1045 2343 quid
1058 2287 1096 2326 ex
1109 2269 1155 2326 lit-

209 2347 229 2403 6
249 2345 320 2404 teris
340 2348 540 2425 comperisset,
554 2349 654 2426 aperit.
695 2347 785 2405 Modo
799 2347 893 2423 magis
914 2347 1075 2405 Pausanias
1089 2365 1155 2424 per·

249 2427 377 2485 turbatus
398 2446 480 2486 orare
495 2428 591 2504 coepit,
604 2447 642 2486 ne
657 2427 828 2496 enuntiaret,
841 2445 898 2484 nec
913 2445 957 2496 se,
970 2425 1103 2484 meritum
1117 2425 1154 2484 de

249 2504 301 2564 illo
315 2501 433 2584 optime,
446 2508 590 2586 proderet.
602 2549 612 2576 s
632 2506 719 2574 Quod
737 2505 764 2564 si
778 2525 844 2564 eam
855 2505 972 2563 veniam
986 2505 1043 2562 sibi
1057 2505 1155 2564 dedis·

250 2596 304 2656 set,
325 2586 468 2662 tantisque
490 2587 669 2664 implicatum
688 2587 774 2644 rebus
795 2585 986 2656 sublevasset,
999 2603 1105 2661 magno
1126 2583 1155 2642 ei

249 2665 366 2740 praemio
379 2663 512 2723 futurum.

212 2745 224 2798 l
290 2743 327 2799 V.
359 2743 417 2800 His
439 2745 525 2800 rebus
548 2743 650 2818 ephori
674 2743 799 2821 cognitis
820 2744 911 2802 satius
931 2751 1110 2820 putaverunt,
1123 2741 1155 2800 in

249 2822 318 2879 urbe
334 2839 401 2879 eum
421 2821 636 2896 comprehendi.
679 2823 745 2888 Quo
759 2832 961 2896 quumesseut
979 2821 1111 2894 profecti,
1126 2830 1155 2877 et

251 2899 423 2971 Pausanias,
441 2901 556 2976 placato
576 2898 698 2975 Argilio,
722 2910 754 2956 ut
772 2899 898 2974 putabat,
913 2897 1155 2956 Lacedaemdnem

250 2989 457 3037 reverteretur:
479 2978 510 3035 in
523 2977 637 3047 itinere,
650 2996 738 3053 quum
754 2978 815 3053 jam
834 2975 866 3032 in
880 2993 916 3032 eo
930 2985 1020 3046 esset,
1033 2987 1064 3034 ut
1077 2995 1155 3034 com-

250 3057 487 3134 prehenderetur,
502 3075 540 3114 ex
552 3057 632 3114 vultu
652 3055 802 3132 cujusdam
822 3053 934 3129 ephori,
948 3053 997 3130 qui
1019 3073 1085 3112 eum
1105 3056 1154 3113 ad·

210 3141 367 3194 amouere
390 3137 533 3212 cupiebat,
553 3134 675 3192 insidias
698 3133 754 3192 sibi
772 3131 836 3190 fieri
858 3133 1011 3191 intellexit.
1052 3134 1154 3210 Itaque

249 3215 351 3291 paucis
373 3225 440 3274 ante
459 3214 605 3292 gradibus,
621 3231 707 3290 quam
725 3213 775 3290 qui
795 3213 997 3288 sequebantur,
1011 3211 1043 3270 in
1063 3213 1155 3271 aedem

251 3294 400 3365 Minervae,
421 3313 485 3372 quae
502 3294 659 3372 χαλαίοικος
684 3302 811 3362 vocatur,
836 3290 974 3368 confugit.
1016 3292 1095 3350 Hinc
1115 3311 1154 3350 ne

251 3371 331 3431 exire
351 3383 462 3449 posset,
475 3373 571 3431 atatim
591 3371 693 3449 ephori
706 3371 805 3428 valvas
828 3371 891 3448 ejus
910 3370 982 3428 aedis
1005 3372 1155 3430 obstruxe·
1237 3398 1245 3417 ι

250 3463 324 3523 runt,
345 3462 508 3527 tectumque
533 3461 600 3510 sunt
623 3450 767 3520 demoliti)
785 3468 841 3526 quo
865 3449 982 3508 facilius
1006 3451 1060 3508 sub
1087 3449 1155 3506 divo

212 3535 229 3591 3
251 3531 405 3593 interirem*
412 3531 535 3602 Dicitur,
549 3549 585 3589 eo
597 3539 726 3606 tempore
737 3539 857 3586 matrem
868 3528 1023 3586 Pausaniae
1032 3527 1155 3598 vixisse,

252 3629 373 3688 eamque
383 3610 446 3687 jam
458 3628 563 3687 magno
576 3619 654 3679 natu,
667 3618 819 3684 postquam
832 3606 869 3665 de
884 3607 998 3664 scelere
1012 3605 1066 3664 filii
1077 3623 1155 3664 com·

228 3752 230 3756 ,
251 3689 334 3768 perit,
348 3688 380 3748 in
399 3689 500 3766 primia
524 3689 561 3747 ad
582 3688 673 3746 filium
696 3686 889 3746 claudendum
908 3684 1035 3760 lapidem
1055 3683 1092 3741 ad
1111 3683 1155 3741 in-

213 3774 231 3847 .⁴
250 3773 365 3827 troitum
387 3767 458 3825 aedia
481 3767 623 3826 attulisse.
664 3766 717 3824 Sic
742 3765 903 3824 Pausanias
929 3781 1063 3840 magnam
1084 3761 1154 3822 belli
