2680 4304
328 389 437 456 XXV.
481 397 532 454 22.
580 389 632 474 (T.
648 388 845 476 Pomponius
856 391 1006 455 Atticus»
1062 397 1122 460 too

208 563 228 602 a
240 545 321 604 cobis
329 553 395 620 peto
405 547 538 619 pmmam,
549 554 580 602 at
593 545 739 604 manlium
747 545 870 621 probem
879 563 968 604 mcum
1010 550 1120 620 aare,

207 643 244 684 ne
247 622 371 702 frustm
384 624 554 683 dehortando
568 626 712 682 conemini.

250 703 348 763 xxll.
370 702 438 761 Hac
451 704 580 760 oratione
600 702 698 760 habita
719 712 798 760 tanta
812 705 972 762 constantia
989 706 1066 765 oecis
1080 711 1123 766 at-'
1143 713 1157 768 1

207 801 267 859 que
281 783 391 852 vultus,
407 791 508 840 utnon
523 801 560 840 ex
575 783 643 852 vita,
658 781 708 840 sed
722 800 760 839 ex
773 781 857 840 domo
870 783 900 839 in
914 781 1030 840 domurn
1043 785 1120 844 vide·

208 872 292 923 retur
305 863 444 939 migrare,
464 880 556 938 quum
574 861 691 938 quidem
706 861 838 938 Agrippa
852 879 920 919 eum
940 863 1013 921 deos
1034 873 1120 940 atquo

207 941 346 1000 osculans
358 950 455 999 oraret
469 952 556 1017 atque
570 942 744 1011 obsecraret,
758 958 795 998 ne
810 939 846 997 ad
867 938 905 1010 id,
920 941 996 1016 quod
1013 954 1118 1002 natura
1139 949 1157 1003 Ξ

207 1031 335 1102 cogeret,
349 1020 412 1096 ipse
432 1038 547 1096 quoque
568 1021 623 1078 sibi
644 1019 832 1088 acceleraret,
847 1027 884 1088 et,
899 1021 1035 1095 quoniam
1055 1032 1118 1081 tum

206 1117 322 1177 quoque
337 1108 432 1176 posset
445 1099 622 1176 temporibus
640 1117 800 1176 superesse,
814 1117 846 1156 se
859 1099 914 1156 sibi
935 1101 1054 1176 suisque
1074 1120 1117 1160 re-

206 1188 346 1250 servaret,
356 1195 458 1254 preces
471 1178 536 1254 ejus
549 1179 694 1236 taciturna
707 1197 761 1236 sua
771 1178 958 1236 obstinatione
967 1179 1115 1256 depressit.

206 1257 258 1317 Sic
272 1277 364 1333 quum
378 1256 500 1314 biduum
518 1258 584 1315 cibo
597 1276 629 1316 se
644 1257 837 1326 abstinuisset,
852 1257 946 1316 subito
966 1257 1056 1316 febris
1068 1259 1116 1318 de·
1137 1265 1156 1320 8

206 1337 305 1408 cessit,
319 1337 468 1412 leviorque
482 1336 600 1394 morbus
612 1355 675 1395 esse
690 1337 787 1413 coepit.
814 1334 927 1394 Tamen
943 1339 1116 1414 propositum

207 1415 300 1473 nihilo
313 1417 407 1474 secius
420 1415 542 1492 peregit.
584 1415 686 1491 Itaque
707 1414 753 1474 die
767 1415 867 1492 quinto
891 1425 961 1490 post,
976 1435 1064 1492 quam
1088 1418 1116 1476 id

210 1495 365 1551 consilium
378 1495 489 1565 inierat,
503 1493 595 1570 pridie
610 1494 755 1552 Calendas
769 1492 897 1570 Apriles,
910 1492 966 1551 Cu.
981 1493 1115 1567 Donido,

211 1570 248 1630 C.
264 1572 345 1630 Sosio
358 1571 436 1631 Coss.
451 1572 583 1632 decessit.
625 1573 731 1631 Elatus
744 1583 788 1631 est
804 1573 834 1629 in
849 1571 995 1642 lecticula,
1011 1583 1042 1630 ut
1056 1574 1117 1650 ipse
1136 1579 1155 1635 4

208 1652 432 1728 proscripserat,
456 1653 518 1710 siue
548 1652 609 1710 ulla
636 1671 739 1729 pompa
764 1649 885 1720 saneris,
913 1651 1116 1712 comitantibus

205 1731 342 1790 omnibus
356 1731 444 1802 bonis,
458 1732 587 1789 maxima
600 1731 683 1808 vulgi
708 1727 881 1806 frequentia.
922 1729 1061 1806 Sepultus
1074 1742 1117 1791 ost

199 1809 289 1886 juxta
302 1811 380 1868 viam
395 1810 534 1888 Appiam,
544 1811 580 1868 ad
594 1811 727 1887 quintum
742 1808 877 1868 lanidom.
887 1809 918 1866 in
933 1820 1117 1871 monumento

203 1887 243 1956 Q.
257 1890 382 1961 Caecilii,
397 1890 539 1948 avunculi
553 1885 696 2028 sui*¹⁰
