2692 4306
248 391 271 454 8
599 408 779 452 inminuto.

245 527 373 621 infamio,
400 549 504 626 partim
532 549 654 608 humilia
681 559 765 626 etque
793 550 829 608 ab
855 535 1013 608 honestate
1043 559 1153 608 remote

205 656 224 712 6
243 662 396 732 ponuntlu.
446 654 556 712 Contra
579 673 616 713 ea
642 655 780 746 plerpque
804 653 912 713 nostris
935 654 1063 712 moribus
1087 663 1153 713 sunt

245 758 362 844 decore,
381 777 444 835 quae
466 758 544 836 apud
566 759 634 818 iilos
655 759 751 836 turpic
771 769 914 837 putentur.
956 759 1053 826 Quem
1075 758 1153 818 enim

245 863 441 924 Romanorum
460 863 549 941 pudet
567 883 689 923 uxorem
708 863 815 923 ducere
836 863 868 923 in
888 863 1073 924 convivium?
1104 874 1152 923 cut

244 969 328 1047 cujus
350 987 411 1028 non
433 965 660 1034 materfamiliae
675 969 799 1047 primum
824 970 923 1029 locum
945 978 1026 1028 tenet
1049 968 1152 1028 edium

205 1077 224 1132 7
245 1084 330 1150 atque
344 1069 376 1133 in
390 1074 559 1133 celebritate
572 1055 722 1134 versetur}
765 1075 853 1142 Quod
870 1075 960 1133 multo
978 1075 1011 1132 fit
1023 1074 1108 1132 nliter
1121 1073 1152 1132 in

246 1177 371 1238 Graeoie.
412 1179 491 1239 Nem
502 1197 598 1256 neque
612 1179 644 1238 iu
658 1179 822 1239 convivium
835 1179 996 1251 adhibetur,
1009 1179 1069 1238 nisi
1086 1197 1153 1256 pro-

243 1286 431 1364 pinquorum
452 1305 547 1362 neque
562 1285 658 1358 sedet,
671 1286 730 1344 nisi
743 1286 775 1344 in
788 1285 925 1344 interiore
942 1295 1024 1363 perte
1039 1285 1151 1356 tedium,

243 1410 307 1468 quie
322 1393 503 1472 γυναικωνῖτις
516 1391 686 1469 appellemr,
700 1409 757 1468 quo
771 1409 858 1449 nemo
872 1389 997 1466 accedit,
1009 1389 1069 1448 nisi
1086 1407 1151 1467 pro·

204 1501 223 1558 8
242 1499 351 1576 pinque
364 1497 537 1575 cognatione
552 1497 734 1574 conjunctus.
770 1497 832 1556 Sed
844 1496 894 1556 hio
908 1497 992 1574 pluro
1004 1494 1151 1574 persequi,

242 1613 303 1664 tum
315 1602 483 1682 magnitudo
496 1600 651 1661 voluminis
670 1600 814 1680 prohibet,
826 1612 887 1660 tum
899 1601 1056 1674 festinatio,
1070 1611 1102 1660 ut
1115 1620 1151 1660 ee

243 1707 400 1784 explicem,
424 1724 487 1782 quae
512 1723 634 1763 exorsu·
659 1724 733 1763 eum.
785 1705 885 1772 Quare
910 1703 947 1763 nd
972 1703 1150 1782 propositum

241 1811 393 1870 veniemus
405 1820 434 1868 et
444 1811 475 1870 in
484 1809 541 1868 hoc
553 1827 731 1888 exponemus
742 1809 815 1870 libro
826 1809 863 1869 de
874 1810 934 1869 vite
944 1809 1150 1869 excellentium

243 1915 460 1996 Impcmtorum.
1184 1909 1186 1914 '
