2692 4306
444 337 503 402 rx.
529 346 555 415 1,
572 347 601 415 2,
619 347 648 403 s.
691 341 841 424 (aaa.)
1049 355 1091 415 se

225 491 421 544 Accusatores
442 485 646 564 Tissapltemea
654 507 707 564 per
728 489 838 549 litteras
850 493 912 568 agit
930 514 991 552 cum
1003 497 1092 555 Arta·

223 584 315 621 aerea
348 565 405 622 IV.
431 563 525 622 Vincit
538 564 759 626 Lacedamoat'os
771 569 810 627 ad
825 569 954 628 Gnidum.
980 573 1091 634 Gracia

223 643 359 700 liberatur
369 655 396 700 et
405 645 616 700 Atheniensium
626 647 699 702 mari
708 648 878 726 reficiantur.
917 649 953 708 V.
968 653 998 709 A
1013 652 1089 711 Tiri·

222 723 295 778 bnao
309 723 340 779 in
353 722 464 780 vincula
477 723 630 798 conjicitor.

221 878 246 936 I.
290 879 402 948 Conon,
424 878 622 949 Atheniensis,
642 880 856 957 Peloponnesio
869 885 947 944 bello
961 889 1087 946 accessit
1108 893 1121 948 1

176 956 218 1014 ad
231 957 450 1032 rempublicam,
464 956 495 1014 in
510 975 600 1032 eoque
615 959 677 1034 ejus
692 977 781 1035 opera
793 963 890 1040 magni
907 965 968 1024 luit.
1009 967 1085 1025 Natu
1113 997 1118 1004 ·

175 1045 210 1092 et
232 1046 337 1111 praetor
357 1035 540 1111 pedestribus
555 1037 729 1094 exercitibus
743 1041 864 1114 praeluit,
879 1053 909 1100 et
931 1045 1084 1120 preelectus

175 1113 289 1172 classis
302 1132 351 1170 res
365 1133 484 1189 magnas
498 1114 570 1170 mari
584 1116 684 1190 gessit.
727 1117 808 1184 Quas
816 1121 853 1178 ob
868 1140 970 1180 causas
984 1125 1084 1200 praeci·

175 1211 254 1268 pune
279 1192 309 1250 ei
332 1191 431 1253 honos
450 1192 564 1249 habitus
589 1203 643 1250 est.
697 1193 829 1270 Namque
854 1201 985 1259 omnibus
1008 1221 1083 1260 unus

176 1271 285 1328 insulis
300 1270 428 1346 praeluit:
450 1270 481 1328 111
494 1289 550 1344 qua
562 1281 703 1346 potestate
718 1273 829 1333 Pheras
844 1278 931 1353 cepit,
941 1281 1083 1338 coloniam

177 1338 475 1406 Lacedamoniorum.
506 1349 574 1406 Fuit
584 1349 670 1406 etiarn
680 1362 808 1411 extremo
822 1355 965 1432 Pelopon·
1020 1391 1059 1429 405
1102 1363 1121 1416 2

178 1428 350 1484 nesiobello
358 1438 468 1502 praetor,
477 1446 563 1501 quum
571 1429 646 1503 apud
654 1429 749 1504 AEgos
758 1431 865 1491 flumen
874 1436 965 1512 copiae
990 1449 1011 1479 ⁸·
1024 1440 1048 1479 ⁰·
1061 1451 1082 1480 a

182 1505 402 1565 Atheniensium
428 1525 447 1562 a
475 1506 627 1582 Lysandro
655 1517 721 1564 sunt
748 1509 879 1570 (11111111.
934 1515 995 1571 Sed
1024 1525 1084 1572 tum

180 1583 283 1654 abfuit,
295 1603 381 1658 eoque
395 1585 479 1661 pejus
488 1603 536 1642 res
546 1585 743 1644 administrata
752 1599 806 1646 est.
835 1591 912 1648 Nam
921 1602 950 1648 11
958 1593 1083 1668 prudens

177 1663 225 1719 rei
250 1663 389 1734 militaris,
411 1675 441 1722 et
464 1663 590 1740 diligens
606 1675 667 1722 erat
687 1665 811 1740 imperii.
852 1670 951 1744 Itaque
975 1671 1084 1729 nemini
1104 1676 1121 1730 3

176 1751 242 1800 erat
254 1741 301 1800 his
314 1745 489 1819 temporibus
500 1743 666 1813 dubium,'si
681 1743 821 1818 affuisset,
835 1748 916 1806 illam
925 1748 1083 1807 Athenien·

174 1841 227 1879 ses
243 1823 436 1880 calamitatem
449 1832 620 1896 accepturos
634 1840 692 1880 nou
706 1821 807 1882 fuisse.

216 1901 259 1958 II.
281 1900 381 1958 Rebus
391 1911 486 1958 autem
495 1899 618 1970 afflictis,
630 1920 715 1975 quum
723 1904 844 1978 patriam
852 1905 978 1964 obsideri
987 1907 1082 1966 audis·
1104 1911 1117 1965 1

174 1989 231 2049 set,
245 1997 304 2036 non
318 1979 459 2054 quaesivit,
473 1978 522 2036 ubi
536 1979 600 2054 ipse
613 1990 673 2037 tuto
686 1981 804 2052 viveret,
819 1984 873 2042 sed
885 1986 961 2042 unde
1019 2017 1057 2056 ³99

174 2057 312 2134 praesidio
325 2068 428 2132 posset
441 2077 509 2115 esse
521 2057 631 2116 civibus
642 2059 712 2116 suis.
735 2061 832 2136 Itaque
845 2065 963 2122 contulit
990 2075 1010 2104 ⁸·
1023 2065 1047 2106 ⁰·
1059 2075 1081 2105 ¹¹·

175 2157 209 2194 se
224 2137 262 2193 ad
277 2136 505 2206 Pharnabazum,
520 2146 653 2212 satrapen
664 2138 753 2196 Ioniae
768 2150 797 2196 et
811 2141 922 2217 Lydiae,
937 2141 1081 2200 eumdem·

175 2235 231 2288 que
243 2234 383 2290 generum
392 2215 471 2291 regis
481 2225 510 2272 et
522 2216 726 2292 propinquum:
749 2220 824 2292 apud
832 2239 917 2294 quem
924 2232 955 2278 ut
962 2221 1081 2276 multum

175 2295 269 2368 gratia
281 2294 400 2364 valeret,
415 2295 503 2352 multo
523 2295 620 2352 labore
634 2296 786 2370 multisque
808 2297 907 2355 1111111
930 2298 1079 2373 periculis.

175 2373 254 2430 Nam
279 2391 365 2446 quum
393 2372 617 2442 Lacedaemonii,
641 2373 869 2432 Atheniensibus
893 2375 1027 2444 devietis,
1050 2375 1120 2432 in2

174 2452 317 2508 societate
330 2469 389 2509 non
401 2461 561 2522 manerent,
577 2469 663 2525 quam
684 2471 749 2508 cum
769 2453 929 2510 Artaxerxe
944 2452 1081 2522 fecerant,

175 2529 401 2605 Agesilaumque
429 2531 566 2588 bellatum
588 2528 739 2587 misissent
765 2529 798 2588 111
822 2531 933 2601 Asiam,
956 2531 1080 2589 maxime

176 2608 293 2683 impulsi
308 2627 325 2665 a
338 2608 547 2684 Tissapherne,
562 2608 610 2682 qui
632 2627 670 2665 ex
689 2608 799 2666 intimis
813 2609 891 2686 regis
907 2611 942 2667 ab
957 2610 1081 2668 1111111111

176 2688 240 2763 ejus
251 2686 407 2758 defecerat,
419 2698 449 2745 et
460 2705 525 2744 cum
534 2686 765 2744 Lacedaemoniis
776 2689 884 2746 coierat
892 2689 1077 2748 societatem:

176 2761 254 2822 hunc
275 2765 412 2823 adversus
434 2766 638 2824 Pharnabazus
658 2765 771 2824 habitus
791 2777 836 2824 est
855 2768 1025 2844 imperator;
1045 2787 1078 2826 11

177 2844 292 2917 quidem
305 2863 374 2902 vera
389 2845 528 2902 exercitui
542 2843 654 2920 praesuit
668 2845 779 2916 Conon,
794 2847 912 2923 ejusque
928 2847 1023 2904 omnia
1037 2866 1079 2904 ar-

176 2923 261 2980 bitrio
275 2933 447 2998 gestarunt.
488 2923 547 2981 Hic
560 2925 678 2981 multum
692 2925 796 2982 ducem
812 2943 961 2995 summum,
975 2926 1080 3001 Agesi-
1100 2928 1117 2982 3

176 3001 263 3071 laum,
276 3001 435 3077 impedivit,
449 3021 583 3077 saepeque
606 3004 669 3080 ejus
683 3003 816 3060 consiliis
840 3004 964 3073 obstitit;
985 3023 1078 3078 neque

177 3098 246 3136 raro
267 3098 325 3137 non
347 3079 401 3138 suit
425 3091 562 3156 apertum,
583 3081 610 3138 si
632 3081 683 3139 ille
704 3099 763 3139 non
784 3081 896 3153 suisset,
910 3081 1080 3158 Agesilaum

176 3159 279 3216 Asiam
292 3159 390 3216 Tauro
403 3169 487 3216 tenus
502 3159 565 3234 regi
578 3159 669 3217 luisse
680 3169 851 3236 erepturum.
893 3161 952 3228 Qui
965 3172 1078 3236 postea·
1100 3166 1117 3217 1

176 3255 261 3310 quam
274 3237 420 3295 demuma
449 3238 494 3294 uis
516 3237 626 3294 civibus
640 3249 790 3296 revocatus
812 3249 865 3310 est,
879 3239 954 3314 quod
974 3239 1078 3296 Boeotii

177 3329 206 3372 et
221 3315 418 3374 Athenienses
433 3257 662 3373 hacedaemoniis
672 3317 779 3374 bellurn
792 3317 962 3386 indixerant,
977 3318 1079 3375 Conon

175 3393 268 3451 nihilo
289 3395 388 3451 secius
409 3394 484 3470 apud
501 3393 653 3470 praelectos
673 3395 752 3472 regis
779 3397 955 3460 versabatur.
975 3395 1079 3469 hisque

176 3471 309 3530 omuibus
322 3473 447 3530 maximo
463 3484 523 3530 erat
536 3473 612 3530 usui.

216 3550 274 3608 111.
297 3551 455 3608 Defecerat
468 3569 564 3627 aroge
576 3550 801 3627 Tissaphernes,
809 3571 903 3626 neque
917 3551 948 3608 id
960 3551 1080 3607 11111111-
1102 3555 1114 3610 1

103 3647 109 3658 ·
177 3628 299 3698 taxerxi,
313 3647 398 3704 quarn
412 3631 528 3700 ceteris,
544 3640 604 3686 erat
618 3639 755 3706 apertum.
797 3631 899 3688 Multis
915 3629 991 3685 enim
1002 3645 1081 3704 mag-

178 3706 281 3782 nisque
302 3707 413 3764 meritis
435 3707 509 3783 apud
533 3726 642 3784 regem,
656 3708 744 3766 etiam
764 3725 849 3782 quum
868 3707 900 3763 in
914 3703 1010 3762 officio
1022 3722 1081 3765 non
