2692 4306
370 389 463 454 run.
509 399 539 466 2,
555 397 585 454 e.
628 390 849 471 (umorem.)
1018 398 1056 458 οι

249 614 779 692 0,

158 713 251 770 neque
265 694 365 752 minus
380 693 505 752 civitatis
518 693 662 770 regende.
703 693 798 754 Multa
812 693 898 772 hujus
912 705 978 752 sunt
990 713 1061 771 prie-
1080 701 1099 756 ²

158 775 233 832 clare
259 773 349 842 fecta,
373 772 427 830 scd
449 771 512 830 haec
533 772 657 830 maxime
681 771 812 830 illustria.
853 773 1008 849 Olynthios
1032 785 1063 834 et

156 851 320 928 Byzantios
340 851 418 908 bello
438 850 561 926 subegit.
603 851 721 908 Samum
741 852 828 928 cepit,
841 851 872 910 in
885 870 942 926 que
984 889 1022 932 ,Μ

156 929 941 1068 tltlnffldttlpztltltllllnnttuln:
964 941 1049 1031 ³⁵⁰⁷·

155 1086 275 1163 publica
289 1087 423 1162 impensa
436 1087 541 1162 popule
554 1086 693 1144 restituit:
714 1087 854 1146 adversus
868 1087 973 1146 comm
984 1085 1063 1144 belle

157 1165 259 1241 gessit,
274 1166 312 1222 eb
327 1183 418 1239 coque
432 1165 511 1222 mille
523 1173 553 1222 et
565 1165 689 1224 ducenta
700 1166 808 1224 talenta
817 1165 920 1242 prede
930 1165 961 1222 in
970 1165 1062 1240 publi·

157 1262 224 1333 cum
237 1244 348 1302 retulit.
383 1243 525 1332 Cynicum
537 1243 687 1333 ohsidione
698 1245 839 1302 liberarit.
874 1242 1062 1303 Adoberndui
1082 1246 1100 1301 3

158 1322 246 1458 tul
260 1321 1063 1477 {ldfitltmlffltttlzssllttrsnsstlffi

163 1496 234 1553 agro
248 1489 332 1552 atque
344 1479 461 1536 urbibus
475 1478 576 1554 augeri
588 1479 698 1549 maluit,
707 1497 793 1554 quem
805 1479 836 1536 id
846 1497 971 1548 sumere,
981 1477 1063 1554 cujus

164 1566 279 1632 partem
290 1556 399 1615 domum
411 1576 495 1616 suam
507 1557 583 1614 serre
602 1567 712 1634 posset.
753 1558 852 1632 Itaque
874 1556 988 1631 accepit
1001 1556 1065 1614 Cri·

164 1633 265 1692 thoten
280 1645 309 1692 et
322 1635 445 1694 Sestum.

200 1712 259 1772 Ill.
282 1713 363 1771 Idem
377 1715 468 1772 classi
480 1713 632 1790 prefectus
647 1711 867 1772 eircmnvehens
882 1710 1064 1788 Peloponne-
1086 1717 1099 1771 l

160 1809 231 1862 sum,
263 1791 434 1850 Laconicen
460 1793 621 1869 populatus,
650 1793 776 1850 classem
811 1809 910 1850 eorum
936 1790 1062 1868 fugavit,

161 1869 322 1946 Corcyram
336 1873 389 1934 sub
409 1871 561 1946 imperium
574 1871 795 1930 Atheniensium
813 1869 944 1948 radegit3
991 1895 1030 1935 m

160 1948 318 2084 ffiigsqua
332 1949 418 2006 ¹idem
437 1949 565 2026 adjunxit
588 1949 733 2026 Epirotas,
757 1949 988 2086 Atheiisildndash*
1000 1945 1025 1986 ⁰·
1038 1955 1060 2082 ζ·

161 2105 225 2172 ea
240 2038 732 2166 ttulltzlttttntltttt?
745 2046 937 2166 ldlnalnl
944 2045 1100 2164 illm

160 2195 231 2255 runt,
248 2191 281 2242 et
294 2203 349 2242 sua
362 2195 464 2260 sponte
479 2184 704 2244 Atheniensibus
713 2186 827 2260 imperii
836 2183 944 2244 mariti·
992 2208 1030 2298 ³5⁴

189 2263 195 2274 '
246 2264 253 2275 '
298 2263 304 2273 ”
628 2286 634 2300 .
839 2263 844 2273 ’
923 2263 929 2274 ’
968 2269 990 2298 tt·
1020 2267 1061 2296 ιΙ.

160 2263 1063 2412 nullm?“At‘lltatttmtltltln‘aar

162 2420 233 2486 Que
249 2419 372 2486 victoria
389 2431 474 2479 tantm
494 2420 547 2478 fuit
560 2421 666 2482 Atticis
685 2419 800 2488 letitie,
813 2428 844 2474 ut
864 2428 925 2476 tum
944 2415 1066 2504 priunum

162 2517 216 2556 arae
232 2498 309 2556 Peei
322 2499 438 2573 publice
452 2499 611 2568 sintsectre,
623 2499 707 2574 elque
721 2497 785 2555 deae
797 2496 929 2572 pulvinar
936 2503 975 2550 rt
984 2502 1065 2550 instr-

161 2586 263 2636 tutum.
306 2577 397 2652 Cujus
418 2577 512 2636 laudis
535 2587 567 2634 ut
589 2576 728 2634 memoria
747 2583 886 2643 moneret,
910 2569 1064 2630 Timotheo
1085 2573 1103 2627 3

162 2655 280 2730 publice
294 2665 417 2712 statuam
429 2655 460 2714 ie
474 2655 534 2714 soro
548 2665 713 2731 posuerint.
754 2653 813 2720 Qui
826 2651 919 2710 honos
932 2649 1000 2708 huie
1014 2647 1064 2708 uni

164 2745 230 2792 ante
245 2733 276 2790 id
289 2744 402 2808 tempus
416 2734 552 2810 contigit:
573 2744 612 2803 ut,
623 2752 708 2808 quum
722 2732 795 2810 petri
807 2731 929 2807 populus
943 2739 1065 2786 statuam

164 2812 322 2886 posuisset,
336 2811 397 2870 filio
412 2831 523 2888 quoque
544 2812 634 2870 daret.
676 2813 728 2870 Sic
744 2813 826 2888 juxta
846 2809 941 2886 posits
959 2825 1064 2866 reeens

165 2889 216 2948 lilii
232 2900 361 2948 veterem
373 2891 463 2967 patris
476 2891 625 2953 renovavit
638 2892 813 2948 memoriam.

203 2969 262 3027 111.
299 2967 359 3027 Hic
381 2988 467 3044 quum
488 2981 568 3028 esset
593 2987 697 3046 magno
723 2979 802 3039 natu,
828 2978 859 3026 et
881 2964 1064 3042 magistratus
1086 2965 1101 3022 1

166 3065 267 3122 gerere
285 3047 420 3118 desisset,
436 3049 514 3106 ballo
528 3047 724 3106 Athenienses
744 3046 869 3120 undique
889 3043 981 3121 premi
999 3051 1065 3100 sunt

167 3125 262 3201 coepti.
292 3125 451 3184 Defecerat
460 3128 564 3186 Samus
577 3149 584 3196 ;
599 3127 744 3184 descierat
752 3125 980 3199 Hellespontus3
995 3118 1065 3178 Phi·

166 3203 263 3279 lippus
278 3205 340 3280 jam
358 3214 418 3262 trun
436 3206 536 3264 valens
558 3205 690 3264 Macedo·
704 3205 793 3262 multa
810 3202 996 3260 moliebatur:
1017 3198 1065 3268 cui

167 3282 315 3356 oppositus
330 3282 443 3340 Chares
466 3301 551 3357 quum
565 3294 654 3354 esset,
667 3282 811 3342 nonsatis
830 3281 862 3338 in
882 3297 919 3338 eo
938 3275 1066 3354 presidii

167 3361 324 3435 putebemr.
379 3361 427 3419 Fit
451 3361 642 3420 Menestheus
666 3371 778 3437 praetor,
801 3359 877 3418 filius
901 3355 1103 3434 Iphicrens‚2
1220 3395 1221 3398 η

168 3455 257 3512 gener
270 3437 429 3510 Timothei,
443 3450 481 3510 et,
499 3450 530 3498 ut
543 3440 580 3498 ad
593 3441 701 3498 bellurn
713 3439 922 3516 proficiscetur,
936 3432 1068 3494 decerni·
1094 3449 1097 3459 ’

168 3525 218 3574 tur.
260 3516 340 3574 Huic
354 3517 386 3575 in
400 3518 552 3576 consilium
571 3519 673 3578 dentur
692 3519 748 3576 duo
761 3535 817 3576 usu
831 3516 946 3593 sapien·
995 3535 1034 3576 aar

169 3591 261 3670 h'eque
271 3605 450 3670 prestantes,
459 3615 577 3671 quorum
588 3596 711 3656 consilio
723 3606 859 3666 uteretur,
866 3603 949 3672 peter
972 3595 993 3624 '⁶
1005 3584 1030 3624 ⁰·
1042 3595 1065 3626 ¹·

170 3681 197 3728 et
215 3690 320 3730 secer:
343 3674 419 3748 qued
439 3674 469 3731 in
488 3674 535 3732 his
557 3685 635 3732 tante
656 3685 718 3732 eret
736 3673 901 3739 auctoritas,
913 3676 946 3725 ut
965 3682 1070 3740 magns

173 3767 237 3826 *pce
252 3762 342 3821 essct,
355 3769 408 3827 per
423 3771 474 3810 eos
489 3753 596 3823 amissa
608 3771 697 3829 posse
712 3747 887 3825 recuperari.
928 3741 971 3801 Hi
984 3759 1071 3816 quum
1089 3745 1108 3802 3
