<?xml version="1.0" encoding="UTF-8"?>
<!DOCTYPE html PUBLIC "-//W3C//DTD XHTML 1.0 Transitional//EN"
    "http://www.w3.org/TR/xhtml1/DTD/xhtml1-transitional.dtd">
<html xmlns="http://www.w3.org/1999/xhtml" xml:lang="en" lang="en">
 <head>
  <title>
</title>
<meta http-equiv="Content-Type" content="text/html;charset=utf-8" />
  <meta name='ocr-system' content='tesseract 3.04.00' />
  <meta name='ocr-capabilities' content='ocr_page ocr_carea ocr_par ocr_line ocrx_word'/>
</head>
<body>
  <div class='ocr_page' id='page_1' title='image "./corneliusneposw05nepogoog_0059.png"; bbox 0 0 2692 4306; ppageno 0'>
   <div class='ocr_carea' id='block_1_1' title="bbox 260 405 948 490">
    <p class='ocr_par' dir='ltr' id='par_1_1' title="bbox 260 405 948 490">
     <span class='ocr_line' id='line_1_1' title="bbox 260 405 948 490; baseline -0.015 -10"><span class='ocrx_word' id='word_1_1' title='bbox 260 421 303 480; x_wconf 79' lang='lat' dir='ltr'>sa</span> <span class='ocrx_word' id='word_1_2' title='bbox 511 409 604 474; x_wconf 82' lang='lat' dir='ltr'>rm.</span> <span class='ocrx_word' id='word_1_3' title='bbox 647 413 678 472; x_wconf 88' lang='lat'>4.</span> <span class='ocrx_word' id='word_1_4' title='bbox 730 405 948 490; x_wconf 63' lang='lat' dir='ltr'>(ramma.)</span> 
     </span>
    </p>
   </div>
   <div class='ocr_carea' id='block_1_2' title="bbox 227 551 1330 3769">
    <p class='ocr_par' dir='ltr' id='par_1_2' title="bbox 259 551 1164 944">
     <span class='ocr_line' id='line_1_2' title="bbox 261 551 1161 634; baseline -0.008 -15"><span class='ocrx_word' id='word_1_5' title='bbox 261 561 378 620; x_wconf 77' lang='lat' dir='ltr'>samum</span> <span class='ocrx_word' id='word_1_6' title='bbox 391 556 514 634; x_wconf 82' lang='lat' dir='ltr'>profecti</span> <span class='ocrx_word' id='word_1_7' title='bbox 528 565 637 626; x_wconf 90' lang='lat' dir='ltr'>essent,</span> <span class='ocrx_word' id='word_1_8' title='bbox 652 565 681 613; x_wconf 89' lang='lat' dir='ltr'>ot</span> <span class='ocrx_word' id='word_1_9' title='bbox 695 553 799 613; x_wconf 91' lang='lat' dir='ltr'>eodem</span> <span class='ocrx_word' id='word_1_10' title='bbox 813 553 936 624; x_wconf 78' lang='lat' dir='ltr'>Chares,</span> <span class='ocrx_word' id='word_1_11' title='bbox 945 551 1069 611; x_wconf 80' lang='lat' dir='ltr'>adventu</span> <span class='ocrx_word' id='word_1_12' title='bbox 1085 553 1161 632; x_wconf 84' lang='lat' dir='ltr'>[illo-</span> 
     </span>
     <span class='ocr_line' id='line_1_3' title="bbox 259 631 1162 715; baseline -0.006 -19"><span class='ocrx_word' id='word_1_13' title='bbox 259 637 334 715; x_wconf 87' lang='lat' dir='ltr'>rum]</span> <span class='ocrx_word' id='word_1_14' title='bbox 356 636 481 712; x_wconf 83' lang='lat' dir='ltr'>cognito,</span> <span class='ocrx_word' id='word_1_15' title='bbox 502 653 569 693; x_wconf 88' lang='lat' dir='ltr'>cum</span> <span class='ocrx_word' id='word_1_16' title='bbox 588 634 649 692; x_wconf 91' lang='lat' dir='ltr'>suis</span> <span class='ocrx_word' id='word_1_17' title='bbox 670 633 764 709; x_wconf 91' lang='lat' dir='ltr'>copiis</span> <span class='ocrx_word' id='word_1_18' title='bbox 785 633 1026 710; x_wconf 88' lang='lat' dir='ltr'>proficisceretur,</span> <span class='ocrx_word' id='word_1_19' title='bbox 1040 651 1077 690; x_wconf 90' lang='lat' dir='ltr'>no</span> <span class='ocrx_word' id='word_1_20' title='bbox 1094 631 1162 706; x_wconf 88' lang='lat' dir='ltr'>quid</span> 
     </span>
     <span class='ocr_line' id='line_1_4' title="bbox 261 711 1163 790; baseline -0.006 -15"><span class='ocrx_word' id='word_1_21' title='bbox 261 719 380 775; x_wconf 88' lang='lat' dir='ltr'>absente</span> <span class='ocrx_word' id='word_1_22' title='bbox 394 733 428 772; x_wconf 91' lang='lat' dir='ltr'>se</span> <span class='ocrx_word' id='word_1_23' title='bbox 443 724 557 790; x_wconf 81' lang='lat' dir='ltr'>gestum</span> <span class='ocrx_word' id='word_1_24' title='bbox 569 712 731 770; x_wconf 81' lang='lat' dir='ltr'>videretur:</span> <span class='ocrx_word' id='word_1_25' title='bbox 754 711 870 781; x_wconf 87' lang='lat' dir='ltr'>accidit,</span> <span class='ocrx_word' id='word_1_26' title='bbox 883 729 970 786; x_wconf 90' lang='lat' dir='ltr'>quum</span> <span class='ocrx_word' id='word_1_27' title='bbox 988 711 1025 767; x_wconf 88' lang='lat' dir='ltr'>ad</span> <span class='ocrx_word' id='word_1_28' title='bbox 1038 711 1163 771; x_wconf 82' lang='lat' dir='ltr'>insulam</span> 
     </span>
     <span class='ocr_line' id='line_1_5' title="bbox 261 789 1163 872; baseline -0.006 -20"><span class='ocrx_word' id='word_1_29' title='bbox 261 793 528 872; x_wconf 79' lang='lat' dir='ltr'>appropinquarent,</span> <span class='ocrx_word' id='word_1_30' title='bbox 549 801 581 849; x_wconf 88' lang='lat' dir='ltr'>ut</span> <span class='ocrx_word' id='word_1_31' title='bbox 600 809 706 868; x_wconf 84' lang='lat' dir='ltr'>magna</span> <span class='ocrx_word' id='word_1_32' title='bbox 727 799 886 864; x_wconf 84' lang='lat' dir='ltr'>tempestas</span> <span class='ocrx_word' id='word_1_33' title='bbox 908 789 1048 859; x_wconf 88' lang='lat' dir='ltr'>oriretur;</span> <span class='ocrx_word' id='word_1_34' title='bbox 1077 807 1163 863; x_wconf 89' lang='lat' dir='ltr'>quam</span> 
     </span>
     <span class='ocr_line' id='line_1_6' title="bbox 261 867 1164 944; baseline -0.007 -13"><span class='ocrx_word' id='word_1_35' title='bbox 261 873 369 932; x_wconf 85' lang='lat' dir='ltr'>evitare</span> <span class='ocrx_word' id='word_1_36' title='bbox 381 871 436 928; x_wconf 90' lang='lat' dir='ltr'>duo</span> <span class='ocrx_word' id='word_1_37' title='bbox 449 880 564 928; x_wconf 84' lang='lat' dir='ltr'>veteres</span> <span class='ocrx_word' id='word_1_38' title='bbox 577 870 765 944; x_wconf 87' lang='lat' dir='ltr'>imperatores</span> <span class='ocrx_word' id='word_1_39' title='bbox 776 869 846 926; x_wconf 90' lang='lat' dir='ltr'>utile</span> <span class='ocrx_word' id='word_1_40' title='bbox 861 867 987 925; x_wconf 86' lang='lat' dir='ltr'>arbitrati</span> <span class='ocrx_word' id='word_1_41' title='bbox 998 886 1080 924; x_wconf 89' lang='lat' dir='ltr'>suam</span> <span class='ocrx_word' id='word_1_42' title='bbox 1088 867 1164 925; x_wconf 87' lang='lat' dir='ltr'>clas·</span> 
     </span>
    </p>

    <p class='ocr_par' dir='ltr' id='par_1_3' title="bbox 231 945 1271 1494">
     <span class='ocr_line' id='line_1_7' title="bbox 231 945 1164 1026; baseline -0.004 -16"><span class='ocrx_word' id='word_1_43' title='bbox 231 957 240 1011; x_wconf 66' lang='grc' dir='ltr'><strong>ί</strong></span> <span class='ocrx_word' id='word_1_44' title='bbox 261 969 325 1009; x_wconf 90' lang='lat' dir='ltr'>sem</span> <span class='ocrx_word' id='word_1_45' title='bbox 337 958 569 1026; x_wconf 80' lang='lat' dir='ltr'>suppresserunt.</span> <span class='ocrx_word' id='word_1_46' title='bbox 603 953 642 1005; x_wconf 90' lang='lat' dir='ltr'>At</span> <span class='ocrx_word' id='word_1_47' title='bbox 654 947 715 1017; x_wconf 89' lang='lat' dir='ltr'>ille,</span> <span class='ocrx_word' id='word_1_48' title='bbox 725 945 878 1004; x_wconf 88' lang='lat' dir='ltr'>temeraria</span> <span class='ocrx_word' id='word_1_49' title='bbox 890 963 961 1003; x_wconf 91' lang='lat' dir='ltr'>usus</span> <span class='ocrx_word' id='word_1_50' title='bbox 975 946 1095 1016; x_wconf 90' lang='lat' dir='ltr'>ratione,</span> <span class='ocrx_word' id='word_1_51' title='bbox 1105 965 1164 1006; x_wconf 90' lang='lat' dir='ltr'>non</span> 
     </span>
     <span class='ocr_line' id='line_1_8' title="bbox 262 1025 1165 1104; baseline -0.004 -17"><span class='ocrx_word' id='word_1_52' title='bbox 262 1028 353 1088; x_wconf 84' lang='lat' dir='ltr'>cessit</span> <span class='ocrx_word' id='word_1_53' title='bbox 362 1028 501 1104; x_wconf 89' lang='lat' dir='ltr'>majorum</span> <span class='ocrx_word' id='word_1_54' title='bbox 509 1037 578 1084; x_wconf 86' lang='lat' dir='ltr'>natu</span> <span class='ocrx_word' id='word_1_55' title='bbox 591 1025 760 1095; x_wconf 71' lang='lat' dir='ltr'>auctoritati,</span> <span class='ocrx_word' id='word_1_56' title='bbox 769 1034 807 1094; x_wconf 92' lang='lat' dir='ltr'>et,</span> <span class='ocrx_word' id='word_1_57' title='bbox 816 1035 847 1082; x_wconf 91' lang='lat' dir='ltr'>ut</span> <span class='ocrx_word' id='word_1_58' title='bbox 860 1025 886 1082; x_wconf 92' lang='lat' dir='ltr'>si</span> <span class='ocrx_word' id='word_1_59' title='bbox 900 1025 931 1082; x_wconf 91' lang='lat' dir='ltr'>in</span> <span class='ocrx_word' id='word_1_60' title='bbox 941 1043 995 1082; x_wconf 89' lang='lat' dir='ltr'>sua</span> <span class='ocrx_word' id='word_1_61' title='bbox 1004 1025 1073 1082; x_wconf 82' lang='lat' dir='ltr'>navi</span> <span class='ocrx_word' id='word_1_62' title='bbox 1084 1035 1165 1083; x_wconf 88' lang='lat' dir='ltr'>esset</span> 
     </span>
     <span class='ocr_line' id='line_1_9' title="bbox 262 1103 1166 1180; baseline -0.006 -15"><span class='ocrx_word' id='word_1_63' title='bbox 262 1118 381 1176; x_wconf 84' lang='lat' dir='ltr'>tortuna,</span> <span class='ocrx_word' id='word_1_64' title='bbox 395 1123 451 1180; x_wconf 94' lang='lat' dir='ltr'>quo</span> <span class='ocrx_word' id='word_1_65' title='bbox 472 1105 667 1174; x_wconf 79' lang='lat' dir='ltr'>contenderat,</span> <span class='ocrx_word' id='word_1_66' title='bbox 681 1103 823 1180; x_wconf 83' lang='lat' dir='ltr'>pervenit,</span> <span class='ocrx_word' id='word_1_67' title='bbox 839 1103 997 1178; x_wconf 88' lang='lat' dir='ltr'>eodemque</span> <span class='ocrx_word' id='word_1_68' title='bbox 1016 1113 1047 1160; x_wconf 87' lang='lat' dir='ltr'>ut</span> <span class='ocrx_word' id='word_1_69' title='bbox 1061 1121 1166 1178; x_wconf 88' lang='lat' dir='ltr'>seque-</span> 
     </span>
     <span class='ocr_line' id='line_1_10' title="bbox 262 1181 1165 1258; baseline -0.007 -14"><span class='ocrx_word' id='word_1_70' title='bbox 262 1197 368 1256; x_wconf 78' lang='lat' dir='ltr'>rentur,</span> <span class='ocrx_word' id='word_1_71' title='bbox 395 1185 432 1242; x_wconf 87' lang='lat' dir='ltr'>ad</span> <span class='ocrx_word' id='word_1_72' title='bbox 456 1183 642 1242; x_wconf 84' lang='lat' dir='ltr'>Timotheum</span> <span class='ocrx_word' id='word_1_73' title='bbox 668 1193 698 1239; x_wconf 91' lang='lat' dir='ltr'>et</span> <span class='ocrx_word' id='word_1_74' title='bbox 721 1181 897 1258; x_wconf 88' lang='lat' dir='ltr'>Iphicratem</span> <span class='ocrx_word' id='word_1_75' title='bbox 918 1181 1049 1240; x_wconf 87' lang='lat' dir='ltr'>nuntium</span> <span class='ocrx_word' id='word_1_76' title='bbox 1075 1182 1165 1239; x_wconf 81' lang='lat' dir='ltr'>misit.</span> 
     </span>
     <span class='ocr_line' id='line_1_11' title="bbox 264 1260 1166 1338; baseline -0.004 -16"><span class='ocrx_word' id='word_1_77' title='bbox 264 1264 434 1334; x_wconf 77' lang='lat' dir='ltr'>Hinc,malo</span> <span class='ocrx_word' id='word_1_78' title='bbox 444 1281 476 1320; x_wconf 92' lang='lat' dir='ltr'>re</span> <span class='ocrx_word' id='word_1_79' title='bbox 486 1273 577 1338; x_wconf 89' lang='lat' dir='ltr'>gesta,</span> <span class='ocrx_word' id='word_1_80' title='bbox 587 1261 780 1338; x_wconf 79' lang='lat' dir='ltr'>compluribus</span> <span class='ocrx_word' id='word_1_81' title='bbox 789 1261 904 1318; x_wconf 85' lang='lat' dir='ltr'>amissis</span> <span class='ocrx_word' id='word_1_82' title='bbox 912 1261 1044 1330; x_wconf 82' lang='lat' dir='ltr'>navibus,</span> <span class='ocrx_word' id='word_1_83' title='bbox 1051 1260 1166 1332; x_wconf 90' lang='lat' dir='ltr'>eodem,</span> 
     </span>
     <span class='ocr_line' id='line_1_12' title="bbox 263 1338 1166 1417; baseline -0.004 -16"><span class='ocrx_word' id='word_1_84' title='bbox 263 1343 339 1402; x_wconf 86' lang='lat' dir='ltr'>uude</span> <span class='ocrx_word' id='word_1_85' title='bbox 353 1352 414 1400; x_wconf 86' lang='lat' dir='ltr'>erat</span> <span class='ocrx_word' id='word_1_86' title='bbox 426 1340 583 1417; x_wconf 84' lang='lat' dir='ltr'>profectus,</span> <span class='ocrx_word' id='word_1_87' title='bbox 598 1359 631 1397; x_wconf 90' lang='lat' dir='ltr'>se</span> <span class='ocrx_word' id='word_1_88' title='bbox 645 1339 766 1415; x_wconf 88' lang='lat' dir='ltr'>recepit,</span> <span class='ocrx_word' id='word_1_89' title='bbox 774 1339 940 1414; x_wconf 81' lang='lat' dir='ltr'>litterasque</span> <span class='ocrx_word' id='word_1_90' title='bbox 953 1338 1084 1396; x_wconf 85' lang='lat' dir='ltr'>Athenas</span> <span class='ocrx_word' id='word_1_91' title='bbox 1095 1340 1166 1415; x_wconf 92' lang='lat' dir='ltr'>pub·</span> 
     </span>
     <span class='ocr_line' id='line_1_13' title="bbox 265 1417 1271 1494; baseline -0.004 -15"><span class='ocrx_word' id='word_1_92' title='bbox 265 1421 322 1481; x_wconf 88' lang='lat' dir='ltr'>lice</span> <span class='ocrx_word' id='word_1_93' title='bbox 335 1421 423 1490; x_wconf 87' lang='lat' dir='ltr'>misit,</span> <span class='ocrx_word' id='word_1_94' title='bbox 444 1418 501 1477; x_wconf 90' lang='lat' dir='ltr'>sibi</span> <span class='ocrx_word' id='word_1_95' title='bbox 522 1417 651 1494; x_wconf 87' lang='lat' dir='ltr'>proclive</span> <span class='ocrx_word' id='word_1_96' title='bbox 675 1417 778 1488; x_wconf 86' lang='lat' dir='ltr'>fuisse,</span> <span class='ocrx_word' id='word_1_97' title='bbox 802 1417 919 1475; x_wconf 83' lang='lat' dir='ltr'>Samum</span> <span class='ocrx_word' id='word_1_98' title='bbox 933 1435 1050 1494; x_wconf 87' lang='lat' dir='ltr'>capere,</span> <span class='ocrx_word' id='word_1_99' title='bbox 1068 1417 1128 1475; x_wconf 89' lang='lat' dir='ltr'>nisi</span> <span class='ocrx_word' id='word_1_100' title='bbox 1149 1438 1167 1476; x_wconf 92' lang='lat' dir='ltr'>a</span> <span class='ocrx_word' id='word_1_101' title='bbox 1262 1473 1271 1491; x_wconf 74' lang='grc'>,</span> 
     </span>
    </p>

    <p class='ocr_par' dir='ltr' id='par_1_4' title="bbox 228 1490 1330 1958">
     <span class='ocr_line' id='line_1_14' title="bbox 228 1490 1330 1573; baseline -0.004 -16"><span class='ocrx_word' id='word_1_102' title='bbox 228 1521 246 1557; x_wconf 72' lang='lat' dir='ltr'>r</span> <span class='ocrx_word' id='word_1_103' title='bbox 273 1499 420 1557; x_wconf 80' lang='lat' dir='ltr'>Timotheo</span> <span class='ocrx_word' id='word_1_104' title='bbox 434 1507 464 1555; x_wconf 88' lang='lat' dir='ltr'>et</span> <span class='ocrx_word' id='word_1_105' title='bbox 477 1496 622 1572; x_wconf 82' lang='lat' dir='ltr'>iphicrate</span> <span class='ocrx_word' id='word_1_106' title='bbox 634 1497 767 1554; x_wconf 87' lang='lat' dir='ltr'>desertus</span> <span class='ocrx_word' id='word_1_107' title='bbox 782 1505 870 1554; x_wconf 75' lang='lat' dir='ltr'>esset,</span> <span class='ocrx_word' id='word_1_108' title='bbox 913 1495 972 1573; x_wconf 94' lang='lat' dir='ltr'>[Ob</span> <span class='ocrx_word' id='word_1_109' title='bbox 986 1514 1051 1553; x_wconf 90' lang='lat' dir='ltr'>eam</span> <span class='ocrx_word' id='word_1_110' title='bbox 1064 1514 1127 1554; x_wconf 90' lang='lat' dir='ltr'>rem</span> <span class='ocrx_word' id='word_1_111' title='bbox 1135 1496 1167 1554; x_wconf 96' lang='lat' dir='ltr'>in</span> <span class='ocrx_word' id='word_1_112' title='bbox 1326 1490 1330 1505; x_wconf 93' lang='lat'>&#39;</span> 
     </span>
     <span class='ocr_line' id='line_1_15' title="bbox 265 1573 1167 1652; baseline -0.003 -16"><span class='ocrx_word' id='word_1_113' title='bbox 265 1577 375 1637; x_wconf 85' lang='lat' dir='ltr'>crimen</span> <span class='ocrx_word' id='word_1_114' title='bbox 387 1575 583 1652; x_wconf 76' lang='lat' dir='ltr'>vocabantur]</span> <span class='ocrx_word' id='word_1_115' title='bbox 626 1575 754 1651; x_wconf 90' lang='lat' dir='ltr'>Populus</span> <span class='ocrx_word' id='word_1_116' title='bbox 775 1593 853 1644; x_wconf 86' lang='lat' dir='ltr'>scer,</span> <span class='ocrx_word' id='word_1_117' title='bbox 873 1573 1020 1650; x_wconf 84' lang='lat' dir='ltr'>suspicax,</span> <span class='ocrx_word' id='word_1_118' title='bbox 1040 1575 1167 1646; x_wconf 89' lang='lat' dir='ltr'>mobilis,</span> 
     </span>
     <span class='ocr_line' id='line_1_16' title="bbox 265 1652 1166 1728; baseline -0.001 -16"><span class='ocrx_word' id='word_1_119' title='bbox 265 1655 456 1725; x_wconf 84' lang='lat' dir='ltr'>adversarius,</span> <span class='ocrx_word' id='word_1_120' title='bbox 479 1653 594 1712; x_wconf 86' lang='lat' dir='ltr'>invidus</span> <span class='ocrx_word' id='word_1_121' title='bbox 619 1655 706 1711; x_wconf 90' lang='lat' dir='ltr'>etiam</span> <span class='ocrx_word' id='word_1_122' title='bbox 729 1653 873 1728; x_wconf 78' lang='lat' dir='ltr'>potentiae,</span> <span class='ocrx_word' id='word_1_123' title='bbox 896 1652 1011 1710; x_wconf 91' lang='lat' dir='ltr'>domum</span> <span class='ocrx_word' id='word_1_124' title='bbox 1031 1665 1166 1724; x_wconf 76' lang='lat' dir='ltr'>revocat3</span> 
     </span>
     <span class='ocr_line' id='line_1_17' title="bbox 265 1731 1167 1808; baseline -0.001 -17"><span class='ocrx_word' id='word_1_125' title='bbox 265 1731 621 1808; x_wconf 86' lang='lat' dir='ltr'>accusanturproditionis.</span> <span class='ocrx_word' id='word_1_126' title='bbox 643 1732 710 1789; x_wconf 92' lang='lat' dir='ltr'>Hoc</span> <span class='ocrx_word' id='word_1_127' title='bbox 715 1731 1167 1808; x_wconf 83' lang='lat' dir='ltr'>judiciodamnoturTimotheus,</span> 
     </span>
     <span class='ocr_line' id='line_1_18' title="bbox 265 1809 1167 1888; baseline -0.002 -18"><span class='ocrx_word' id='word_1_128' title='bbox 265 1813 358 1887; x_wconf 90' lang='lat' dir='ltr'>lisque</span> <span class='ocrx_word' id='word_1_129' title='bbox 373 1812 436 1888; x_wconf 85' lang='lat' dir='ltr'>ejus</span> <span class='ocrx_word' id='word_1_130' title='bbox 451 1810 605 1867; x_wconf 71' lang='lat' dir='ltr'>estimatur</span> <span class='ocrx_word' id='word_1_131' title='bbox 618 1819 733 1866; x_wconf 88' lang='lat' dir='ltr'>centurn</span> <span class='ocrx_word' id='word_1_132' title='bbox 746 1810 874 1867; x_wconf 88' lang='lat' dir='ltr'>talentis.</span> <span class='ocrx_word' id='word_1_133' title='bbox 915 1810 980 1880; x_wconf 90' lang='lat' dir='ltr'>Ille,</span> <span class='ocrx_word' id='word_1_134' title='bbox 991 1809 1058 1868; x_wconf 90' lang='lat' dir='ltr'>odio</span> <span class='ocrx_word' id='word_1_135' title='bbox 1071 1811 1167 1887; x_wconf 82' lang='lat' dir='ltr'>ingra-</span> 
     </span>
     <span class='ocr_line' id='line_1_19' title="bbox 265 1887 1136 1958; baseline 0 -12"><span class='ocrx_word' id='word_1_136' title='bbox 265 1901 302 1948; x_wconf 79' lang='lat' dir='ltr'>tae</span> <span class='ocrx_word' id='word_1_137' title='bbox 316 1889 441 1946; x_wconf 86' lang='lat' dir='ltr'>civitatis</span> <span class='ocrx_word' id='word_1_138' title='bbox 456 1898 584 1958; x_wconf 85' lang='lat' dir='ltr'>coactus,</span> <span class='ocrx_word' id='word_1_139' title='bbox 599 1887 770 1946; x_wconf 81' lang='lat' dir='ltr'>Chalcidem</span> <span class='ocrx_word' id='word_1_140' title='bbox 783 1906 816 1945; x_wconf 88' lang='lat' dir='ltr'>se</span> <span class='ocrx_word' id='word_1_141' title='bbox 832 1888 960 1946; x_wconf 89' lang='lat' dir='ltr'>contulit.</span> <span class='ocrx_word' id='word_1_142' title='bbox 1132 1900 1136 1906; x_wconf 85' lang='lat'>&#39;</span> 
     </span>
    </p>

    <p class='ocr_par' dir='ltr' id='par_1_5' title="bbox 229 1966 1169 2436">
     <span class='ocr_line' id='line_1_20' title="bbox 229 1966 1168 2044; baseline -0.002 -17"><span class='ocrx_word' id='word_1_143' title='bbox 229 1973 242 2027; x_wconf 97' lang='lat' dir='ltr'>l</span> <span class='ocrx_word' id='word_1_144' title='bbox 305 1967 359 2025; x_wconf 89' lang='lat' dir='ltr'>IV.</span> <span class='ocrx_word' id='word_1_145' title='bbox 381 1966 477 2042; x_wconf 85' lang='lat' dir='ltr'>Hujus</span> <span class='ocrx_word' id='word_1_146' title='bbox 501 1975 567 2040; x_wconf 89' lang='lat' dir='ltr'>post</span> <span class='ocrx_word' id='word_1_147' title='bbox 587 1976 708 2024; x_wconf 87' lang='lat' dir='ltr'>mortem</span> <span class='ocrx_word' id='word_1_148' title='bbox 728 1985 815 2040; x_wconf 90' lang='lat' dir='ltr'>quum</span> <span class='ocrx_word' id='word_1_149' title='bbox 837 1968 974 2043; x_wconf 90' lang='lat' dir='ltr'>populum</span> <span class='ocrx_word' id='word_1_150' title='bbox 991 1967 1097 2044; x_wconf 84' lang='lat' dir='ltr'>judicii</span> <span class='ocrx_word' id='word_1_151' title='bbox 1120 1967 1168 2026; x_wconf 86' lang='lat' dir='ltr'>sui</span> 
     </span>
     <span class='ocr_line' id='line_1_21' title="bbox 266 2045 1169 2122; baseline 0.002 -20"><span class='ocrx_word' id='word_1_152' title='bbox 266 2045 425 2122; x_wconf 81' lang='lat' dir='ltr'>poeniteret,</span> <span class='ocrx_word' id='word_1_153' title='bbox 434 2045 528 2101; x_wconf 78' lang='lat' dir='ltr'>multe</span> <span class='ocrx_word' id='word_1_154' title='bbox 538 2061 643 2102; x_wconf 87' lang='lat' dir='ltr'>novem</span> <span class='ocrx_word' id='word_1_155' title='bbox 655 2055 752 2120; x_wconf 88' lang='lat' dir='ltr'>partes</span> <span class='ocrx_word' id='word_1_156' title='bbox 761 2045 892 2114; x_wconf 87' lang='lat' dir='ltr'>detraxit,</span> <span class='ocrx_word' id='word_1_157' title='bbox 903 2056 933 2103; x_wconf 89' lang='lat' dir='ltr'>et</span> <span class='ocrx_word' id='word_1_158' title='bbox 943 2046 1048 2103; x_wconf 89' lang='lat' dir='ltr'>decem</span> <span class='ocrx_word' id='word_1_159' title='bbox 1057 2047 1169 2104; x_wconf 89' lang='lat' dir='ltr'>talenta</span> 
     </span>
     <span class='ocr_line' id='line_1_22' title="bbox 267 2122 1168 2200; baseline 0 -17"><span class='ocrx_word' id='word_1_160' title='bbox 267 2125 425 2194; x_wconf 89' lang='lat' dir='ltr'>Cononem,</span> <span class='ocrx_word' id='word_1_161' title='bbox 439 2122 530 2180; x_wconf 90' lang='lat' dir='ltr'>filiurn</span> <span class='ocrx_word' id='word_1_162' title='bbox 541 2123 613 2199; x_wconf 86' lang='lat' dir='ltr'>ejus,</span> <span class='ocrx_word' id='word_1_163' title='bbox 623 2123 659 2180; x_wconf 92' lang='lat' dir='ltr'>ad</span> <span class='ocrx_word' id='word_1_164' title='bbox 669 2123 743 2180; x_wconf 91' lang='lat' dir='ltr'>muri</span> <span class='ocrx_word' id='word_1_165' title='bbox 753 2124 903 2198; x_wconf 88' lang='lat' dir='ltr'>quamdam</span> <span class='ocrx_word' id='word_1_166' title='bbox 912 2135 1024 2200; x_wconf 87' lang='lat' dir='ltr'>partem</span> <span class='ocrx_word' id='word_1_167' title='bbox 1033 2125 1168 2193; x_wconf 84' lang='lat' dir='ltr'>reficien-</span> 
     </span>
     <span class='ocr_line' id='line_1_23' title="bbox 266 2201 1168 2278; baseline 0.002 -18"><span class='ocrx_word' id='word_1_168' title='bbox 266 2203 332 2260; x_wconf 89' lang='lat' dir='ltr'>dam</span> <span class='ocrx_word' id='word_1_169' title='bbox 342 2203 429 2278; x_wconf 88' lang='lat' dir='ltr'>jussit</span> <span class='ocrx_word' id='word_1_170' title='bbox 448 2201 527 2259; x_wconf 87' lang='lat' dir='ltr'>dare.</span> <span class='ocrx_word' id='word_1_171' title='bbox 568 2202 603 2260; x_wconf 91' lang='lat' dir='ltr'>In</span> <span class='ocrx_word' id='word_1_172' title='bbox 623 2221 678 2276; x_wconf 92' lang='lat' dir='ltr'>quo</span> <span class='ocrx_word' id='word_1_173' title='bbox 692 2202 810 2260; x_wconf 79' lang='lat' dir='ltr'>sortunae</span> <span class='ocrx_word' id='word_1_174' title='bbox 829 2202 954 2260; x_wconf 84' lang='lat' dir='ltr'>varietas</span> <span class='ocrx_word' id='word_1_175' title='bbox 975 2213 1021 2261; x_wconf 90' lang='lat' dir='ltr'>est</span> <span class='ocrx_word' id='word_1_176' title='bbox 1040 2203 1168 2262; x_wconf 87' lang='lat' dir='ltr'>animad-</span> 
     </span>
     <span class='ocr_line' id='line_1_24' title="bbox 266 2281 1168 2358; baseline 0.004 -21"><span class='ocrx_word' id='word_1_177' title='bbox 266 2300 360 2339; x_wconf 84' lang='lat' dir='ltr'>versa.</span> <span class='ocrx_word' id='word_1_178' title='bbox 395 2281 472 2338; x_wconf 92' lang='lat' dir='ltr'>Nam</span> <span class='ocrx_word' id='word_1_179' title='bbox 482 2298 553 2355; x_wconf 89' lang='lat' dir='ltr'>qnos</span> <span class='ocrx_word' id='word_1_180' title='bbox 568 2299 639 2338; x_wconf 86' lang='lat' dir='ltr'>avus</span> <span class='ocrx_word' id='word_1_181' title='bbox 655 2281 757 2338; x_wconf 88' lang='lat' dir='ltr'>Conon</span> <span class='ocrx_word' id='word_1_182' title='bbox 769 2299 865 2340; x_wconf 91' lang='lat' dir='ltr'>muros</span> <span class='ocrx_word' id='word_1_183' title='bbox 880 2300 919 2338; x_wconf 87' lang='lat' dir='ltr'>ex</span> <span class='ocrx_word' id='word_1_184' title='bbox 932 2281 1058 2340; x_wconf 87' lang='lat' dir='ltr'>hostium</span> <span class='ocrx_word' id='word_1_185' title='bbox 1070 2283 1168 2358; x_wconf 87' lang='lat' dir='ltr'>praeds</span> 
     </span>
     <span class='ocr_line' id='line_1_25' title="bbox 266 2359 1169 2436; baseline 0.003 -20"><span class='ocrx_word' id='word_1_186' title='bbox 266 2360 364 2436; x_wconf 83' lang='lat' dir='ltr'>patriae</span> <span class='ocrx_word' id='word_1_187' title='bbox 378 2359 550 2429; x_wconf 87' lang='lat' dir='ltr'>restituerat,</span> <span class='ocrx_word' id='word_1_188' title='bbox 564 2359 684 2417; x_wconf 89' lang='lat' dir='ltr'>eosdem</span> <span class='ocrx_word' id='word_1_189' title='bbox 696 2377 798 2436; x_wconf 89' lang='lat' dir='ltr'>nepos,</span> <span class='ocrx_word' id='word_1_190' title='bbox 809 2379 876 2417; x_wconf 87' lang='lat' dir='ltr'>curn</span> <span class='ocrx_word' id='word_1_191' title='bbox 889 2379 1000 2418; x_wconf 90' lang='lat' dir='ltr'>summa</span> <span class='ocrx_word' id='word_1_192' title='bbox 1009 2361 1169 2436; x_wconf 85' lang='lat' dir='ltr'>ignominia</span> 
     </span>
    </p>

    <p class='ocr_par' dir='ltr' id='par_1_6' title="bbox 227 2435 1169 2988">
     <span class='ocr_line' id='line_1_26' title="bbox 227 2435 1168 2509; baseline 0 -12"><span class='ocrx_word' id='word_1_193' title='bbox 227 2443 246 2497; x_wconf 81' lang='lat'>2</span> <span class='ocrx_word' id='word_1_194' title='bbox 267 2439 391 2509; x_wconf 79' lang='lat' dir='ltr'>familia,</span> <span class='ocrx_word' id='word_1_195' title='bbox 403 2457 441 2496; x_wconf 85' lang='lat' dir='ltr'>ex</span> <span class='ocrx_word' id='word_1_196' title='bbox 454 2457 508 2496; x_wconf 92' lang='lat' dir='ltr'>sua</span> <span class='ocrx_word' id='word_1_197' title='bbox 519 2457 552 2496; x_wconf 91' lang='lat' dir='ltr'>re</span> <span class='ocrx_word' id='word_1_198' title='bbox 562 2435 696 2496; x_wconf 80' lang='lat' dir='ltr'>familiari</span> <span class='ocrx_word' id='word_1_199' title='bbox 710 2439 831 2496; x_wconf 88' lang='lat' dir='ltr'>reficere</span> <span class='ocrx_word' id='word_1_200' title='bbox 846 2449 963 2496; x_wconf 86' lang='lat' dir='ltr'>coactus</span> <span class='ocrx_word' id='word_1_201' title='bbox 978 2449 1032 2497; x_wconf 89' lang='lat' dir='ltr'>est.</span> <span class='ocrx_word' id='word_1_202' title='bbox 1067 2440 1168 2498; x_wconf 89' lang='lat' dir='ltr'>Timo·</span> 
     </span>
     <span class='ocr_line' id='line_1_27' title="bbox 266 2516 1167 2594; baseline 0.002 -20"><span class='ocrx_word' id='word_1_203' title='bbox 266 2517 328 2576; x_wconf 89' lang='lat' dir='ltr'>thei</span> <span class='ocrx_word' id='word_1_204' title='bbox 342 2528 438 2576; x_wconf 87' lang='lat' dir='ltr'>autem</span> <span class='ocrx_word' id='word_1_205' title='bbox 456 2516 609 2574; x_wconf 78' lang='lat' dir='ltr'>moderata</span> <span class='ocrx_word' id='word_1_206' title='bbox 630 2517 827 2592; x_wconf 88' lang='lat' dir='ltr'>sapientisque</span> <span class='ocrx_word' id='word_1_207' title='bbox 840 2517 906 2574; x_wconf 78' lang='lat' dir='ltr'>vita</span> <span class='ocrx_word' id='word_1_208' title='bbox 924 2537 1010 2592; x_wconf 89' lang='lat' dir='ltr'>quum</span> <span class='ocrx_word' id='word_1_209' title='bbox 1029 2518 1167 2594; x_wconf 87' lang='lat' dir='ltr'>pleraque</span> 
     </span>
     <span class='ocr_line' id='line_1_28' title="bbox 266 2595 1169 2672; baseline 0.002 -18"><span class='ocrx_word' id='word_1_210' title='bbox 266 2597 411 2672; x_wconf 84' lang='lat' dir='ltr'>possimus</span> <span class='ocrx_word' id='word_1_211' title='bbox 425 2595 552 2672; x_wconf 86' lang='lat' dir='ltr'>prolerre</span> <span class='ocrx_word' id='word_1_212' title='bbox 566 2595 739 2666; x_wconf 88' lang='lat' dir='ltr'>testimonia,</span> <span class='ocrx_word' id='word_1_213' title='bbox 754 2613 812 2654; x_wconf 91' lang='lat' dir='ltr'>uno</span> <span class='ocrx_word' id='word_1_214' title='bbox 826 2595 932 2653; x_wconf 86' lang='lat' dir='ltr'>erimus</span> <span class='ocrx_word' id='word_1_215' title='bbox 947 2597 1083 2666; x_wconf 85' lang='lat' dir='ltr'>contenti,</span> <span class='ocrx_word' id='word_1_216' title='bbox 1091 2597 1169 2672; x_wconf 92' lang='lat' dir='ltr'>quod</span> 
     </span>
     <span class='ocr_line' id='line_1_29' title="bbox 267 2672 1169 2750; baseline 0.002 -19"><span class='ocrx_word' id='word_1_217' title='bbox 267 2693 305 2731; x_wconf 88' lang='lat' dir='ltr'>ex</span> <span class='ocrx_word' id='word_1_218' title='bbox 316 2693 352 2731; x_wconf 89' lang='lat' dir='ltr'>eo</span> <span class='ocrx_word' id='word_1_219' title='bbox 360 2673 447 2731; x_wconf 86' lang='lat' dir='ltr'>facile</span> <span class='ocrx_word' id='word_1_220' title='bbox 457 2672 563 2748; x_wconf 88' lang='lat' dir='ltr'>conjici</span> <span class='ocrx_word' id='word_1_221' title='bbox 571 2675 683 2750; x_wconf 89' lang='lat' dir='ltr'>poterit,</span> <span class='ocrx_word' id='word_1_222' title='bbox 692 2693 776 2749; x_wconf 86' lang='lat' dir='ltr'>quam</span> <span class='ocrx_word' id='word_1_223' title='bbox 786 2691 870 2732; x_wconf 89' lang='lat' dir='ltr'>carus</span> <span class='ocrx_word' id='word_1_224' title='bbox 882 2675 943 2732; x_wconf 90' lang='lat' dir='ltr'>suis</span> <span class='ocrx_word' id='word_1_225' title='bbox 954 2674 1048 2733; x_wconf 84' lang='lat' dir='ltr'>suerit.</span> <span class='ocrx_word' id='word_1_226' title='bbox 1070 2677 1169 2743; x_wconf 84' lang='lat' dir='ltr'>Quum</span> 
     </span>
     <span class='ocr_line' id='line_1_30' title="bbox 267 2751 1168 2824; baseline 0.004 -15"><span class='ocrx_word' id='word_1_227' title='bbox 267 2751 390 2809; x_wconf 85' lang='lat' dir='ltr'>Athenis</span> <span class='ocrx_word' id='word_1_228' title='bbox 402 2751 634 2810; x_wconf 89' lang='lat' dir='ltr'>adolescentulus</span> <span class='ocrx_word' id='word_1_229' title='bbox 649 2771 766 2810; x_wconf 89' lang='lat' dir='ltr'>causam</span> <span class='ocrx_word' id='word_1_230' title='bbox 779 2752 899 2824; x_wconf 88' lang='lat' dir='ltr'>diceret,</span> <span class='ocrx_word' id='word_1_231' title='bbox 909 2771 967 2811; x_wconf 93' lang='lat' dir='ltr'>non</span> <span class='ocrx_word' id='word_1_232' title='bbox 978 2755 1071 2812; x_wconf 89' lang='lat' dir='ltr'>solum</span> <span class='ocrx_word' id='word_1_233' title='bbox 1080 2755 1168 2814; x_wconf 89' lang='lat' dir='ltr'>amici</span> 
     </span>
     <span class='ocr_line' id='line_1_31' title="bbox 266 2827 1168 2905; baseline 0.007 -20"><span class='ocrx_word' id='word_1_234' title='bbox 266 2829 424 2905; x_wconf 86' lang='lat' dir='ltr'>privatique</span> <span class='ocrx_word' id='word_1_235' title='bbox 438 2827 569 2904; x_wconf 87' lang='lat' dir='ltr'>hospites</span> <span class='ocrx_word' id='word_1_236' title='bbox 590 2830 627 2888; x_wconf 89' lang='lat' dir='ltr'>ad</span> <span class='ocrx_word' id='word_1_237' title='bbox 647 2849 713 2889; x_wconf 89' lang='lat' dir='ltr'>eum</span> <span class='ocrx_word' id='word_1_238' title='bbox 733 2829 946 2889; x_wconf 85' lang='lat' dir='ltr'>defendendum</span> <span class='ocrx_word' id='word_1_239' title='bbox 961 2845 1168 2904; x_wconf 84' lang='lat' dir='ltr'>convenerunt,</span> 
     </span>
     <span class='ocr_line' id='line_1_32' title="bbox 268 2905 1169 2988; baseline 0.007 -24"><span class='ocrx_word' id='word_1_240' title='bbox 268 2907 422 2965; x_wconf 84' lang='lat' dir='ltr'>sedetiam</span> <span class='ocrx_word' id='word_1_241' title='bbox 441 2907 472 2964; x_wconf 88' lang='lat' dir='ltr'>in</span> <span class='ocrx_word' id='word_1_242' title='bbox 494 2905 538 2965; x_wconf 89' lang='lat' dir='ltr'>eis</span> <span class='ocrx_word' id='word_1_243' title='bbox 559 2906 650 2967; x_wconf 87' lang='lat' dir='ltr'>Jason</span> <span class='ocrx_word' id='word_1_244' title='bbox 670 2919 818 2984; x_wconf 63' lang='lat' dir='ltr'>tyrannus,</span> <span class='ocrx_word' id='word_1_245' title='bbox 831 2909 880 2984; x_wconf 91' lang='lat' dir='ltr'>qui</span> <span class='ocrx_word' id='word_1_246' title='bbox 902 2912 953 2969; x_wconf 93' lang='lat' dir='ltr'>illo</span> <span class='ocrx_word' id='word_1_247' title='bbox 972 2921 1100 2988; x_wconf 89' lang='lat' dir='ltr'>tempore</span> <span class='ocrx_word' id='word_1_248' title='bbox 1114 2911 1169 2970; x_wconf 88' lang='lat' dir='ltr'>suit</span> 
     </span>
    </p>

    <p class='ocr_par' dir='ltr' id='par_1_7' title="bbox 229 2984 1169 3460">
     <span class='ocr_line' id='line_1_33' title="bbox 229 2984 1168 3065; baseline 0.004 -21"><span class='ocrx_word' id='word_1_249' title='bbox 229 2989 246 3044; x_wconf 86' lang='grc'><strong>3</strong></span> <span class='ocrx_word' id='word_1_250' title='bbox 267 2986 393 3044; x_wconf 88' lang='lat' dir='ltr'>omnium</span> <span class='ocrx_word' id='word_1_251' title='bbox 406 2984 631 3062; x_wconf 88' lang='lat' dir='ltr'>potentissimus.</span> <span class='ocrx_word' id='word_1_252' title='bbox 667 2987 727 3046; x_wconf 90' lang='lat' dir='ltr'>Hic</span> <span class='ocrx_word' id='word_1_253' title='bbox 738 3007 824 3063; x_wconf 90' lang='lat' dir='ltr'>quum</span> <span class='ocrx_word' id='word_1_254' title='bbox 833 2989 864 3046; x_wconf 91' lang='lat' dir='ltr'>in</span> <span class='ocrx_word' id='word_1_255' title='bbox 873 2990 966 3065; x_wconf 87' lang='lat' dir='ltr'>patria</span> <span class='ocrx_word' id='word_1_256' title='bbox 979 2990 1043 3048; x_wconf 89' lang='lat' dir='ltr'>sine</span> <span class='ocrx_word' id='word_1_257' title='bbox 1057 2990 1168 3048; x_wconf 89' lang='lat' dir='ltr'>satelli-</span> 
     </span>
     <span class='ocr_line' id='line_1_34' title="bbox 267 3065 1168 3146; baseline 0.006 -24"><span class='ocrx_word' id='word_1_258' title='bbox 267 3065 342 3122; x_wconf 91' lang='lat' dir='ltr'>tibus</span> <span class='ocrx_word' id='word_1_259' title='bbox 357 3083 390 3121; x_wconf 88' lang='lat' dir='ltr'>se</span> <span class='ocrx_word' id='word_1_260' title='bbox 401 3074 490 3122; x_wconf 90' lang='lat' dir='ltr'>tutum</span> <span class='ocrx_word' id='word_1_261' title='bbox 508 3081 567 3122; x_wconf 92' lang='lat' dir='ltr'>non</span> <span class='ocrx_word' id='word_1_262' title='bbox 587 3065 776 3137; x_wconf 85' lang='lat' dir='ltr'>arbitraretur,</span> <span class='ocrx_word' id='word_1_263' title='bbox 790 3067 920 3130; x_wconf 86' lang='lat' dir='ltr'>Athenas</span> <span class='ocrx_word' id='word_1_264' title='bbox 942 3069 1005 3126; x_wconf 88' lang='lat' dir='ltr'>sine</span> <span class='ocrx_word' id='word_1_265' title='bbox 1024 3069 1083 3127; x_wconf 92' lang='lat' dir='ltr'>ullo</span> <span class='ocrx_word' id='word_1_266' title='bbox 1096 3087 1168 3146; x_wconf 85' lang='lat' dir='ltr'>prae·</span> 
     </span>
     <span class='ocr_line' id='line_1_35' title="bbox 269 3143 1167 3224; baseline 0.008 -25"><span class='ocrx_word' id='word_1_267' title='bbox 269 3143 343 3200; x_wconf 87' lang='lat' dir='ltr'>sidio</span> <span class='ocrx_word' id='word_1_268' title='bbox 356 3143 445 3214; x_wconf 86' lang='lat' dir='ltr'>venit,</span> <span class='ocrx_word' id='word_1_269' title='bbox 459 3144 586 3218; x_wconf 87' lang='lat' dir='ltr'>tantique</span> <span class='ocrx_word' id='word_1_270' title='bbox 606 3144 751 3221; x_wconf 88' lang='lat' dir='ltr'>hospitem</span> <span class='ocrx_word' id='word_1_271' title='bbox 764 3145 844 3217; x_wconf 86' lang='lat' dir='ltr'>fecit,</span> <span class='ocrx_word' id='word_1_272' title='bbox 857 3158 889 3204; x_wconf 87' lang='lat' dir='ltr'>ut</span> <span class='ocrx_word' id='word_1_273' title='bbox 901 3149 1001 3205; x_wconf 89' lang='lat' dir='ltr'>mallet</span> <span class='ocrx_word' id='word_1_274' title='bbox 1015 3167 1048 3205; x_wconf 88' lang='lat' dir='ltr'>ss</span> <span class='ocrx_word' id='word_1_275' title='bbox 1063 3148 1167 3224; x_wconf 90' lang='lat' dir='ltr'>capitis</span> 
     </span>
     <span class='ocr_line' id='line_1_36' title="bbox 267 3221 1168 3298; baseline 0.008 -21"><span class='ocrx_word' id='word_1_276' title='bbox 267 3221 427 3298; x_wconf 89' lang='lat' dir='ltr'>periculum</span> <span class='ocrx_word' id='word_1_277' title='bbox 454 3222 544 3292; x_wconf 87' lang='lat' dir='ltr'>adire,</span> <span class='ocrx_word' id='word_1_278' title='bbox 564 3241 649 3297; x_wconf 86' lang='lat' dir='ltr'>quam</span> <span class='ocrx_word' id='word_1_279' title='bbox 676 3223 831 3282; x_wconf 86' lang='lat' dir='ltr'>Timotheo</span> <span class='ocrx_word' id='word_1_280' title='bbox 858 3225 895 3283; x_wconf 93' lang='lat' dir='ltr'>de</span> <span class='ocrx_word' id='word_1_281' title='bbox 922 3225 998 3284; x_wconf 83' lang='lat' dir='ltr'>lama</span> <span class='ocrx_word' id='word_1_282' title='bbox 1019 3226 1168 3284; x_wconf 89' lang='lat' dir='ltr'>dimicanti</span> 
     </span>
     <span class='ocr_line' id='line_1_37' title="bbox 268 3299 1166 3381; baseline 0.008 -26"><span class='ocrx_word' id='word_1_283' title='bbox 268 3299 383 3357; x_wconf 90' lang='lat' dir='ltr'>deesse.</span> <span class='ocrx_word' id='word_1_284' title='bbox 416 3301 503 3359; x_wconf 89' lang='lat' dir='ltr'>Hunc</span> <span class='ocrx_word' id='word_1_285' title='bbox 517 3305 655 3361; x_wconf 86' lang='lat' dir='ltr'>adversus</span> <span class='ocrx_word' id='word_1_286' title='bbox 668 3315 765 3361; x_wconf 87' lang='lat' dir='ltr'>tamen</span> <span class='ocrx_word' id='word_1_287' title='bbox 776 3303 947 3362; x_wconf 88' lang='lat' dir='ltr'>Timotheus</span> <span class='ocrx_word' id='word_1_288' title='bbox 958 3315 1061 3380; x_wconf 89' lang='lat' dir='ltr'>postea</span> <span class='ocrx_word' id='word_1_289' title='bbox 1068 3304 1166 3381; x_wconf 92' lang='lat' dir='ltr'>populi</span> 
     </span>
     <span class='ocr_line' id='line_1_38' title="bbox 264 3377 1169 3460; baseline 0.007 -26"><span class='ocrx_word' id='word_1_290' title='bbox 264 3377 349 3455; x_wconf 81' lang='lat' dir='ltr'>jussu</span> <span class='ocrx_word' id='word_1_291' title='bbox 361 3379 469 3436; x_wconf 87' lang='lat' dir='ltr'>bellum</span> <span class='ocrx_word' id='word_1_292' title='bbox 482 3381 583 3454; x_wconf 85' lang='lat' dir='ltr'>gessit,</span> <span class='ocrx_word' id='word_1_293' title='bbox 596 3381 751 3456; x_wconf 78' lang='lat' dir='ltr'>patrieque</span> <span class='ocrx_word' id='word_1_294' title='bbox 765 3383 910 3440; x_wconf 76' lang='lat' dir='ltr'>sanctiora</span> <span class='ocrx_word' id='word_1_295' title='bbox 920 3384 994 3460; x_wconf 87' lang='lat' dir='ltr'>jura,</span> <span class='ocrx_word' id='word_1_296' title='bbox 1007 3401 1093 3457; x_wconf 90' lang='lat' dir='ltr'>quam</span> <span class='ocrx_word' id='word_1_297' title='bbox 1100 3382 1169 3440; x_wconf 89' lang='lat' dir='ltr'>hos·</span> 
     </span>
    </p>

    <p class='ocr_par' dir='ltr' id='par_1_8' title="bbox 229 3456 1170 3769">
     <span class='ocr_line' id='line_1_39' title="bbox 229 3456 1170 3537; baseline 0.005 -23"><span class='ocrx_word' id='word_1_298' title='bbox 229 3460 247 3514; x_wconf 81' lang='grc'><strong>4</strong></span> <span class='ocrx_word' id='word_1_299' title='bbox 267 3456 340 3533; x_wconf 90' lang='lat' dir='ltr'>pitii,</span> <span class='ocrx_word' id='word_1_300' title='bbox 355 3475 422 3514; x_wconf 81' lang='lat' dir='ltr'>esse</span> <span class='ocrx_word' id='word_1_301' title='bbox 437 3457 526 3516; x_wconf 85' lang='lat' dir='ltr'>duxit.</span> <span class='ocrx_word' id='word_1_302' title='bbox 567 3459 642 3516; x_wconf 74' lang='lat' dir='ltr'>Haec</span> <span class='ocrx_word' id='word_1_303' title='bbox 663 3470 791 3517; x_wconf 81' lang='lat' dir='ltr'>extrema</span> <span class='ocrx_word' id='word_1_304' title='bbox 803 3459 857 3517; x_wconf 88' lang='lat' dir='ltr'>fuit</span> <span class='ocrx_word' id='word_1_305' title='bbox 876 3471 946 3518; x_wconf 86' lang='lat' dir='ltr'>aetas</span> <span class='ocrx_word' id='word_1_306' title='bbox 967 3461 1170 3537; x_wconf 86' lang='lat' dir='ltr'>imperatorum-</span> 
     </span>
     <span class='ocr_line' id='line_1_40' title="bbox 268 3533 1168 3615; baseline 0.006 -23"><span class='ocrx_word' id='word_1_307' title='bbox 268 3533 498 3606; x_wconf 88' lang='lat' dir='ltr'>Atheniensium,</span> <span class='ocrx_word' id='word_1_308' title='bbox 522 3536 686 3612; x_wconf 84' lang='lat' dir='ltr'>Iphicratis,</span> <span class='ocrx_word' id='word_1_309' title='bbox 713 3538 856 3609; x_wconf 78' lang='lat' dir='ltr'>Chabriae,</span> <span class='ocrx_word' id='word_1_310' title='bbox 878 3539 1044 3610; x_wconf 89' lang='lat' dir='ltr'>Timothei;</span> <span class='ocrx_word' id='word_1_311' title='bbox 1072 3558 1168 3615; x_wconf 89' lang='lat' dir='ltr'>neque</span> 
     </span>
     <span class='ocr_line' id='line_1_41' title="bbox 267 3614 1169 3693; baseline 0.006 -22"><span class='ocrx_word' id='word_1_312' title='bbox 267 3623 334 3690; x_wconf 87' lang='lat' dir='ltr'>post</span> <span class='ocrx_word' id='word_1_313' title='bbox 353 3614 467 3672; x_wconf 89' lang='lat' dir='ltr'>illorum</span> <span class='ocrx_word' id='word_1_314' title='bbox 490 3616 598 3674; x_wconf 90' lang='lat' dir='ltr'>obitum</span> <span class='ocrx_word' id='word_1_315' title='bbox 631 3617 781 3693; x_wconf 87' lang='lat' dir='ltr'>quisquam</span> <span class='ocrx_word' id='word_1_316' title='bbox 808 3617 867 3676; x_wconf 87' lang='lat' dir='ltr'>dux</span> <span class='ocrx_word' id='word_1_317' title='bbox 897 3618 929 3676; x_wconf 91' lang='lat' dir='ltr'>in</span> <span class='ocrx_word' id='word_1_318' title='bbox 948 3619 1001 3677; x_wconf 89' lang='lat' dir='ltr'>illa</span> <span class='ocrx_word' id='word_1_319' title='bbox 1021 3619 1091 3677; x_wconf 88' lang='lat' dir='ltr'>urbe</span> <span class='ocrx_word' id='word_1_320' title='bbox 1115 3617 1169 3678; x_wconf 81' lang='lat' dir='ltr'>fuit</span> 
     </span>
     <span class='ocr_line' id='line_1_42' title="bbox 266 3691 531 3769; baseline 0.004 -20"><span class='ocrx_word' id='word_1_321' title='bbox 266 3691 371 3769; x_wconf 81' lang='lat' dir='ltr'>dignus</span> <span class='ocrx_word' id='word_1_322' title='bbox 385 3691 531 3751; x_wconf 87' lang='lat' dir='ltr'>memoria.</span> 
     </span>
    </p>
   </div>
   <div class='ocr_carea' id='block_1_3' title="bbox 0 0 1363 4306">
    <p class='ocr_par' dir='ltr' id='par_1_9' title="bbox 0 0 1363 4306">
     <span class='ocr_line' id='line_1_43' title="bbox 0 0 1363 4306; baseline 0 0"><span class='ocrx_word' id='word_1_323' title='bbox 0 0 1363 4306; x_wconf 95' lang='lat' dir='ltr'> </span> 
     </span>
    </p>
   </div>
  </div>
 </body>
</html>
