2692 4306
354 400 371 428 ,
424 346 499 412 vu.
525 322 589 411 10.
615 347 831 428 (statuae.)
1037 357 1079 416 ae

177 494 380 571 quinquagena
403 495 511 552 talenta
523 495 675 571 vectigalis
696 495 838 571 capiebat.
880 497 947 563 Qua
970 495 1118 556 summat

176 573 348 632 Alcibiades
372 591 432 630 non
456 583 516 630 erat
540 583 702 644 contentus,
726 593 820 649 neque
843 573 973 632 Athenas
987 575 1081 634 victas

175 651 409 710 Lacedaemoniis
424 651 533 709 servire
553 661 665 726 poterat
680 653 748 728 pati.
789 653 889 727 ltaque
904 653 940 710 ad
959 652 1082 729 patriam

172 729 356 792 liberandam
368 730 447 788 omui
460 729 605 787 ferebatur
617 731 802 806 cogitatione.
840 731 901 790 Sed
913 731 1037 802 videbat,
1050 731 1081 791 id
1100 737 1119 790 5

171 808 731 884 sineregePerssrumnonpossefieri:
751 809 874 884 ideoque
884 827 949 867 sum
957 809 1079 868 amicum

171 886 230 945 sibi
245 887 384 962 cupiebat
397 886 532 962 adjungi;
551 905 646 962 neque
661 887 815 958 dubitabat,
829 888 915 946 facile
930 907 963 946 se
977 907 1080 946 conae·

170 975 316 1035 caturam,
324 965 353 1022 si
365 965 451 1022 modo
459 966 522 1042 ejus
532 965 723 1024 conveniendi
736 966 886 1024 habuisset
898 977 1078 1042 potestatem.

169 1043 200 1102 N
201 1063 252 1101 am
269 1043 379 1119 Cyrum
391 1042 507 1100 fratrem
520 1043 549 1100 ei
561 1044 669 1102 bellum
682 1044 758 1102 clam
769 1063 881 1120 parare,
895 1045 1080 1103 Lacedaemo-

169 1121 229 1180 niis
245 1122 457 1198 adjuvantibus,
472 1122 600 1193 sciebat;
621 1123 651 1180 id
671 1123 698 1180 si
712 1124 884 1200 aperuisset,
897 1142 1032 1201 magnam
1044 1141 1079 1182 so

168 1201 312 1258 initurum
326 1201 446 1276 gratiam
459 1200 583 1259 videbat.
614 1236 623 1274 s

211 1280 256 1336 X.
298 1279 372 1336 Hac
391 1297 477 1353 quum
489 1279 647 1350 moliretur,
664 1290 832 1356 peteretque
846 1301 865 1338 a
880 1280 1079 1351 Pharnabazo,
1101 1283 1114 1338 l

169 1368 203 1415 nt
216 1357 259 1414 ad
271 1376 370 1433 regem
382 1357 549 1428 mitteretur,
559 1358 663 1416 eodem
672 1369 800 1435 tempore
812 1360 919 1418 Critias
931 1360 1078 1434 ceterique

171 1436 294 1512 tyranni
307 1435 527 1494 Atheniensium
540 1447 636 1494 certos
650 1437 783 1496 homines
797 1438 835 1495 ad
854 1438 1036 1514 Lysandrum
1048 1437 1079 1495 in

174 1514 284 1572 Asiam
296 1516 439 1584 miserunt,
453 1515 502 1590 qui
517 1533 583 1573 eum
603 1515 757 1574 certiorem
769 1515 908 1586 lacerent,
921 1515 981 1573 nisi
1000 1515 1079 1573 Alci-

173 1593 296 1651 biadem
309 1593 479 1664 sustulisset,
492 1593 568 1651 nihil
590 1611 689 1652 aarum
701 1612 796 1651 rerum
819 1594 881 1652 sore
894 1604 994 1664 ratum,
1008 1611 1078 1668 quas

172 1672 245 1748 ipse
261 1671 381 1730 Athenis
396 1672 605 1730 constituisset.
647 1673 755 1742 Quare,
770 1673 796 1729 si
820 1691 888 1729 suas
908 1691 957 1730 res
981 1682 1078 1748 gestas

170 1769 294 1808 manere
314 1751 410 1820 vellet,
430 1751 512 1808 illum
535 1762 765 1826 persequeretur.
807 1751 864 1809 His
887 1752 968 1809 Laco
992 1751 1116 1808 rebus2

170 1840 334 1886 commotus
349 1830 447 1886 statuit
461 1829 624 1886 accuratius
639 1830 695 1887 sibi
708 1829 850 1906 agendum
864 1849 929 1887 cunr
950 1830 1077 1888 Pharna·

168 1909 258 1966 bazo.
280 1907 359 1966 Huic
374 1908 602 1984 ergorenuntiat,
616 1927 678 1983 quae
691 1909 754 1985 regi
769 1927 834 1966 cum
848 1909 1076 1967 Lacedamoniis

168 1997 285 2057 essent,
299 1987 379 2044 irrita
392 1986 493 2056 sutura,
502 1986 558 2044 nisi
574 1987 754 2045 Alcibiadem
766 1988 864 2046 vivum
877 1999 925 2045 aut
937 1997 1077 2045 mortuum

168 2065 351 2122 tradidisset.
389 2065 462 2125 Non
481 2065 545 2123 tulit
558 2064 614 2123 hoc
628 2075 768 2142 satrapes,
783 2076 812 2123 et
824 2067 934 2124 violare
949 2067 1076 2124 clemen·
1097 2067 1115 2121 3

168 2145 253 2213 tiam,
280 2162 366 2217 quam
391 2143 470 2219 rogis
498 2162 569 2220 opes
596 2145 686 2202 minui
712 2145 820 2202 maluit.
871 2146 971 2219 ltaque
997 2143 1077 2202 misit

170 2222 376 2280 Susamithren
391 2233 420 2278 et
440 2223 575 2298 Bagaeum
589 2223 625 2280 ad
638 2223 820 2280 Alcibiadem
838 2222 1076 2291 interficiendum,

168 2319 262 2376 quum
272 2300 322 2357 ille
331 2311 411 2357 esset
423 2301 453 2358 in
468 2301 604 2377 Phrygia,
613 2301 723 2376 iterque
733 2301 769 2357 ad
782 2319 881 2376 regem
889 2309 1076 2376 compararet.

170 2379 264 2438 Missi
278 2379 355 2436 clam
367 2379 516 2449 vicinitati,
540 2379 571 2436 in
583 2398 640 2454 qua
662 2389 723 2436 tum
736 2378 904 2435 Alcibiades
926 2388 997 2446 erat,
1010 2378 1078 2434 daut
1097 2381 1116 2436 t

169 2457 331 2532 negotium,
344 2467 376 2514 ut
399 2477 465 2514 eum
485 2457 667 2514 interficiant.
708 2457 757 2513 Illi
780 2475 867 2530 quum
888 2455 979 2532 [euru]
1001 2455 1077 2512 t'erro

171 2535 297 2611 aggredi
317 2553 376 2593 non
397 2537 543 2606 auderent,
570 2545 659 2592 noctu
685 2533 766 2610 ligna
792 2533 973 2590 contulerunt
999 2532 1079 2590 circa

172 2633 275 2672 casam
296 2633 370 2684 eam,
391 2614 492 2690 inqua
514 2614 691 2689 quiescebat,
706 2630 826 2687 eamque
847 2611 1075 2670 succenderunt:

173 2703 207 2750 ut
220 2693 357 2750 incendio
371 2693 556 2762 conficerent,
565 2709 651 2766 quem
663 2709 749 2748 manu
763 2690 894 2766 superari
906 2708 994 2766 posse
1003 2689 1076 2748 diffi-

174 2767 291 2828 debant.
331 2771 386 2829 Ille
401 2781 496 2828 autem
508 2780 539 2828 ut
552 2769 647 2827 sonitu
660 2769 778 2826 flamme
797 2779 843 2827 est
856 2769 1006 2840 excitata,
1020 2769 1077 2828 etsi
1097 2775 1115 2828 t

176 2849 290 2925 gladius
305 2849 334 2907 ei
348 2859 409 2906 erat
429 2849 596 2919 subductus,
612 2847 762 2906 familiaris
776 2849 822 2906 sui
835 2849 967 2906 subalare
987 2849 1077 2907 telum

177 2927 291 3003 eripuit.
332 2927 464 3002 Namque
480 2938 541 2984 erat
555 2947 620 2986 cum
633 2945 670 2985 eo
689 2927 805 3002 quidam
819 2945 856 2986 ex
869 2927 996 2985 Arcadia
1008 2926 1076 2985 hos·

176 3024 241 3080 pes,
260 3005 309 3080 qui
328 3024 481 3080 numquam
500 3007 652 3064 discedere
666 3007 803 3064 voluerat.
844 3006 932 3064 Hunc
946 3006 1076 3081 sequias

177 3085 264 3159 jubet,
278 3094 307 3140 et
326 3084 366 3154 id,
376 3085 452 3159 quod
471 3083 502 3142 iu
515 3084 667 3160 prasentia
679 3084 914 3142 vestimentorum
932 3083 994 3154 fuit,
1008 3084 1077 3141 arri·

178 3163 247 3236 puit.
276 3163 333 3220 His
347 3163 379 3220 iu
392 3163 490 3238 ignem
503 3163 615 3238 ejectis,
626 3163 746 3220 fiammae
758 3162 819 3219 vim
831 3161 952 3220 transiit.
981 3162 1114 3229 Quemd

177 3251 208 3296 ut
228 3241 340 3298 barbari
363 3240 529 3298 incendium
551 3241 690 3316 effugisse
711 3239 851 3314 viderunt,
872 3241 939 3298 telis
964 3241 1076 3299 eminus

177 3317 276 3376 missis
290 3319 505 3388 interfecerunt,
520 3329 660 3394 caputque
675 3319 737 3395 ejus
752 3318 789 3376 ad
803 3318 1019 3376 Pharnabazum
1031 3337 1077 3376 re·

176 3397 310 3454 tulerunt.
362 3399 401 3454 At
422 3397 534 3467 mulier,
558 3415 621 3472 quae
645 3415 711 3454 cum
737 3414 773 3454 ao
796 3396 894 3456 vivore
915 3406 1077 3468 consuerat,

176 3475 309 3532 muliebri
323 3493 376 3531 sua
388 3485 470 3532 veste
485 3484 648 3533 contectum
661 3474 776 3532 edificii
789 3475 924 3534 incendio
937 3485 1076 3532 mortuum

177 3551 325 3621 cremavit,
333 3553 409 3626 quod
419 3553 456 3609 ad
468 3553 564 3610 vivum
574 3553 793 3610 interimendum
806 3563 867 3611 erat
875 3561 1077 3628 comparatius.

178 3629 230 3686 Sic
244 3630 425 3700 Alcibiades,
436 3649 525 3688 annos
540 3631 656 3689 circiter
668 3630 853 3706 quadraginta
865 3640 960 3698 natus,
1000 3665 1051 3706 tot
1113 3683 1114 3686 ,

179 3705 255 3766 diem
269 3708 340 3766 obiit
353 3727 526 3785 supremum.
825 3749 827 3752 .
976 3723 996 3753 a
1008 3715 1034 3756 0·
1044 3725 1067 3758 ι
