<?xml version="1.0" encoding="UTF-8"?>
<!DOCTYPE html PUBLIC "-//W3C//DTD XHTML 1.0 Transitional//EN"
    "http://www.w3.org/TR/xhtml1/DTD/xhtml1-transitional.dtd">
<html xmlns="http://www.w3.org/1999/xhtml" xml:lang="en" lang="en">
 <head>
  <title>
</title>
<meta http-equiv="Content-Type" content="text/html;charset=utf-8" />
  <meta name='ocr-system' content='tesseract 3.04.00' />
  <meta name='ocr-capabilities' content='ocr_page ocr_carea ocr_par ocr_line ocrx_word'/>
</head>
<body>
  <div class='ocr_page' id='page_1' title='image "./corneliusneposw05nepogoog_0032.png"; bbox 0 0 2692 4306; ppageno 0'>
   <div class='ocr_carea' id='block_1_1' title="bbox 468 354 1083 438">
    <p class='ocr_par' dir='ltr' id='par_1_1' title="bbox 468 354 1083 438">
     <span class='ocr_line' id='line_1_1' title="bbox 468 354 1083 438; baseline 0.011 -19"><span class='ocrx_word' id='word_1_1' title='bbox 468 354 508 419; x_wconf 88' lang='lat' dir='ltr'><strong>V.</strong></span> <span class='ocrx_word' id='word_1_2' title='bbox 548 363 575 420; x_wconf 94' lang='lat' dir='ltr'><strong>l.</strong></span> <span class='ocrx_word' id='word_1_3' title='bbox 623 357 777 438; x_wconf 83' lang='lat' dir='ltr'><strong>(Cimon.)</strong></span> <span class='ocrx_word' id='word_1_4' title='bbox 1040 369 1083 426; x_wconf 73' lang='lat'><strong>25</strong></span> 
     </span>
    </p>
   </div>
   <div class='ocr_carea' id='block_1_2' title="bbox 164 501 1121 978">
    <p class='ocr_par' dir='ltr' id='par_1_2' title="bbox 164 501 1121 978">
     <span class='ocr_line' id='line_1_2' title="bbox 172 501 1062 581; baseline 0.002 -19"><span class='ocrx_word' id='word_1_5' title='bbox 172 503 293 581; x_wconf 73' lang='lat' dir='ltr'><strong>gloriam</strong></span> <span class='ocrx_word' id='word_1_6' title='bbox 304 501 384 578; x_wconf 91' lang='lat' dir='ltr'><strong>turpi</strong></span> <span class='ocrx_word' id='word_1_7' title='bbox 391 511 483 559; x_wconf 88' lang='lat' dir='ltr'><strong>morte</strong></span> <span class='ocrx_word' id='word_1_8' title='bbox 496 501 663 561; x_wconf 85' lang='lat' dir='ltr'><strong>macularit.</strong></span> <span class='ocrx_word' id='word_1_9' title='bbox 698 503 759 562; x_wconf 85' lang='lat' dir='ltr'><strong>Hic</strong></span> <span class='ocrx_word' id='word_1_10' title='bbox 772 523 860 579; x_wconf 91' lang='lat' dir='ltr'><strong>quum</strong></span> <span class='ocrx_word' id='word_1_11' title='bbox 873 525 960 564; x_wconf 86' lang='lat' dir='ltr'><strong>semr-</strong></span> <span class='ocrx_word' id='word_1_12' title='bbox 1022 533 1062 574; x_wconf 61' lang='grc' dir='ltr'>ω</span> 
     </span>
     <span class='ocr_line' id='line_1_3' title="bbox 170 582 1085 656; baseline 0.002 -16"><span class='ocrx_word' id='word_1_13' title='bbox 170 583 274 640; x_wconf 78' lang='lat' dir='ltr'><strong>animis</strong></span> <span class='ocrx_word' id='word_1_14' title='bbox 290 583 328 640; x_wconf 89' lang='lat' dir='ltr'><strong>de</strong></span> <span class='ocrx_word' id='word_1_15' title='bbox 341 582 451 656; x_wconf 89' lang='lat' dir='ltr'><strong>templo</strong></span> <span class='ocrx_word' id='word_1_16' title='bbox 461 582 553 639; x_wconf 86' lang='lat' dir='ltr'><strong>elatus</strong></span> <span class='ocrx_word' id='word_1_17' title='bbox 569 593 659 653; x_wconf 86' lang='lat' dir='ltr'><strong>esset,</strong></span> <span class='ocrx_word' id='word_1_18' title='bbox 669 583 823 640; x_wconf 78' lang='lat' dir='ltr'><strong>confestim</strong></span> <span class='ocrx_word' id='word_1_19' title='bbox 837 583 963 642; x_wconf 81' lang='lat' dir='ltr'><strong>animum</strong></span> <span class='ocrx_word' id='word_1_20' title='bbox 999 583 1085 625; x_wconf 57' lang='grc' dir='ltr'><strong>ΜΗ·</strong></span> 
     </span>
     <span class='ocr_line' id='line_1_4' title="bbox 169 660 1121 737; baseline 0.004 -19"><span class='ocrx_word' id='word_1_21' title='bbox 169 661 288 718; x_wconf 89' lang='lat' dir='ltr'><strong>efflavit.</strong></span> <span class='ocrx_word' id='word_1_22' title='bbox 331 661 424 736; x_wconf 85' lang='lat' dir='ltr'><strong>Cujus</strong></span> <span class='ocrx_word' id='word_1_23' title='bbox 445 660 550 718; x_wconf 88' lang='lat' dir='ltr'><strong>mortui</strong></span> <span class='ocrx_word' id='word_1_24' title='bbox 577 679 682 737; x_wconf 90' lang='lat' dir='ltr'><strong>corpus</strong></span> <span class='ocrx_word' id='word_1_25' title='bbox 707 681 794 737; x_wconf 92' lang='lat' dir='ltr'><strong>quum</strong></span> <span class='ocrx_word' id='word_1_26' title='bbox 821 663 926 720; x_wconf 91' lang='lat' dir='ltr'><strong>eodem</strong></span> <span class='ocrx_word' id='word_1_27' title='bbox 950 663 1082 722; x_wconf 90' lang='lat' dir='ltr'><strong>nonnulli</strong></span> <span class='ocrx_word' id='word_1_28' title='bbox 1102 670 1121 722; x_wconf 75' lang='lat' dir='ltr'><strong>b</strong></span> 
     </span>
     <span class='ocr_line' id='line_1_5' title="bbox 167 738 1082 818; baseline 0.005 -22"><span class='ocrx_word' id='word_1_29' title='bbox 167 739 303 797; x_wconf 76' lang='lat' dir='ltr'><strong>dicerent</strong></span> <span class='ocrx_word' id='word_1_30' title='bbox 326 738 427 796; x_wconf 82' lang='lat' dir='ltr'><strong>inferri</strong></span> <span class='ocrx_word' id='word_1_31' title='bbox 455 749 598 812; x_wconf 86' lang='lat' dir='ltr'><strong>oportere,</strong></span> <span class='ocrx_word' id='word_1_32' title='bbox 624 759 681 816; x_wconf 92' lang='lat' dir='ltr'><strong>quo</strong></span> <span class='ocrx_word' id='word_1_33' title='bbox 705 740 747 810; x_wconf 92' lang='lat' dir='ltr'><strong>hi,</strong></span> <span class='ocrx_word' id='word_1_34' title='bbox 770 741 820 814; x_wconf 90' lang='lat' dir='ltr'><strong>qui</strong></span> <span class='ocrx_word' id='word_1_35' title='bbox 843 741 881 798; x_wconf 89' lang='lat' dir='ltr'><strong>ad</strong></span> <span class='ocrx_word' id='word_1_36' title='bbox 907 742 1082 818; x_wconf 87' lang='lat' dir='ltr'><strong>supplicium</strong></span> 
     </span>
     <span class='ocr_line' id='line_1_6' title="bbox 167 817 1081 894; baseline 0.003 -19"><span class='ocrx_word' id='word_1_37' title='bbox 167 829 272 875; x_wconf 88' lang='lat' dir='ltr'><strong>essent</strong></span> <span class='ocrx_word' id='word_1_38' title='bbox 296 819 373 876; x_wconf 85' lang='lat' dir='ltr'><strong>dati:</strong></span> <span class='ocrx_word' id='word_1_39' title='bbox 395 817 544 893; x_wconf 83' lang='lat' dir='ltr'><strong>displicuit</strong></span> <span class='ocrx_word' id='word_1_40' title='bbox 563 819 703 894; x_wconf 89' lang='lat' dir='ltr'><strong>pluribus,</strong></span> <span class='ocrx_word' id='word_1_41' title='bbox 723 829 754 875; x_wconf 87' lang='lat' dir='ltr'><strong>et</strong></span> <span class='ocrx_word' id='word_1_42' title='bbox 773 819 874 894; x_wconf 90' lang='lat' dir='ltr'><strong>procul</strong></span> <span class='ocrx_word' id='word_1_43' title='bbox 898 821 934 876; x_wconf 83' lang='lat' dir='ltr'><strong>ab</strong></span> <span class='ocrx_word' id='word_1_44' title='bbox 955 839 991 878; x_wconf 90' lang='lat' dir='ltr'><strong>eo</strong></span> <span class='ocrx_word' id='word_1_45' title='bbox 1014 821 1081 878; x_wconf 89' lang='lat' dir='ltr'><strong>loco</strong></span> 
     </span>
     <span class='ocr_line' id='line_1_7' title="bbox 164 896 1080 978; baseline -0.001 -22"><span class='ocrx_word' id='word_1_46' title='bbox 164 896 344 966; x_wconf 81' lang='lat' dir='ltr'><strong>infoderunt,</strong></span> <span class='ocrx_word' id='word_1_47' title='bbox 372 913 429 972; x_wconf 90' lang='lat' dir='ltr'><strong>quo</strong></span> <span class='ocrx_word' id='word_1_48' title='bbox 454 905 516 952; x_wconf 87' lang='lat' dir='ltr'><strong>erat</strong></span> <span class='ocrx_word' id='word_1_49' title='bbox 538 908 677 956; x_wconf 89' lang='lat' dir='ltr'><strong>mortuus.</strong></span> <span class='ocrx_word' id='word_1_50' title='bbox 731 897 804 954; x_wconf 89' lang='lat' dir='ltr'><strong>Inde</strong></span> <span class='ocrx_word' id='word_1_51' title='bbox 828 897 975 973; x_wconf 79' lang='lat' dir='ltr'><strong>posterius</strong></span> <span class='ocrx_word' id='word_1_52' title='bbox 1004 897 1080 978; x_wconf 91' lang='lat' dir='ltr'><strong>[dei]</strong></span> 
     </span>
    </p>
   </div>
   <div class='ocr_carea' id='block_1_3' title="bbox 163 975 1082 1132">
    <p class='ocr_par' dir='ltr' id='par_1_3' title="bbox 163 975 1082 1132">
     <span class='ocr_line' id='line_1_8' title="bbox 165 975 1082 1050; baseline 0.002 -17"><span class='ocrx_word' id='word_1_53' title='bbox 165 975 313 1050; x_wconf 85' lang='lat' dir='ltr'><strong>Delphici</strong></span> <span class='ocrx_word' id='word_1_54' title='bbox 333 991 476 1050; x_wconf 87' lang='lat' dir='ltr'><strong>responso</strong></span> <span class='ocrx_word' id='word_1_55' title='bbox 498 985 704 1048; x_wconf 63' lang='lat' dir='ltr'><strong>statueretque</strong></span> <span class='ocrx_word' id='word_1_56' title='bbox 727 976 831 1034; x_wconf 88' lang='lat' dir='ltr'><strong>eodem</strong></span> <span class='ocrx_word' id='word_1_57' title='bbox 850 977 917 1034; x_wconf 91' lang='lat' dir='ltr'><strong>loco</strong></span> <span class='ocrx_word' id='word_1_58' title='bbox 940 978 1082 1049; x_wconf 79' lang='lat' dir='ltr'><strong>sepultus,</strong></span> 
     </span>
     <span class='ocr_line' id='line_1_9' title="bbox 163 1053 484 1132; baseline -0.009 -19"><span class='ocrx_word' id='word_1_59' title='bbox 163 1053 216 1113; x_wconf 84' lang='lat' dir='ltr'><strong>ubi</strong></span> <span class='ocrx_word' id='word_1_60' title='bbox 228 1053 324 1110; x_wconf 84' lang='lat' dir='ltr'><strong>vitam</strong></span> <span class='ocrx_word' id='word_1_61' title='bbox 337 1062 484 1132; x_wconf 88' lang='lat' dir='ltr'><strong>posuerat.</strong></span> 
     </span>
    </p>
   </div>
   <div class='ocr_carea' id='block_1_4' title="bbox 466 1291 775 1306">
    <p class='ocr_par' dir='ltr' id='par_1_4' title="bbox 466 1291 775 1306">
     <span class='ocr_line' id='line_1_10' title="bbox 466 1291 775 1306; baseline 0.006 -2"><span class='ocrx_word' id='word_1_62' title='bbox 466 1291 775 1306; x_wconf 46' lang='lat' dir='ltr'><strong>*a*</strong></span> 
     </span>
    </p>
   </div>
   <div class='ocr_carea' id='block_1_5' title="bbox 439 1473 816 1552">
    <p class='ocr_par' dir='ltr' id='par_1_5' title="bbox 439 1473 816 1552">
     <span class='ocr_line' id='line_1_11' title="bbox 439 1473 816 1552; baseline 0.011 -4"><span class='ocrx_word' id='word_1_63' title='bbox 439 1473 483 1550; x_wconf 88' lang='lat' dir='ltr'><strong>V.</strong></span> <span class='ocrx_word' id='word_1_64' title='bbox 556 1473 816 1552; x_wconf 87' lang='lat' dir='ltr'>CIMON.</span> 
     </span>
    </p>
   </div>
   <div class='ocr_carea' id='block_1_6' title="bbox 469 1801 783 1864">
    <p class='ocr_par' dir='ltr' id='par_1_6' title="bbox 469 1801 783 1864">
     <span class='ocr_line' id='line_1_12' title="bbox 469 1801 783 1864; baseline 0 -2"><span class='ocrx_word' id='word_1_65' title='bbox 469 1801 783 1864; x_wconf 83' lang='lat' dir='ltr'><strong>ARGUMENTUM.</strong></span> 
     </span>
    </p>
   </div>
   <div class='ocr_carea' id='block_1_7' title="bbox 166 1919 1160 2312">
    <p class='ocr_par' dir='ltr' id='par_1_7' title="bbox 166 1919 1160 2312">
     <span class='ocr_line' id='line_1_13' title="bbox 166 1919 1078 1998; baseline 0.001 -16"><span class='ocrx_word' id='word_1_66' title='bbox 166 1921 270 1982; x_wconf 75' lang='lat' dir='ltr'><strong><em>OAP.</em></strong></span> <span class='ocrx_word' id='word_1_67' title='bbox 286 1919 313 1979; x_wconf 91' lang='lat' dir='ltr'><strong>I.</strong></span> <span class='ocrx_word' id='word_1_68' title='bbox 328 1920 605 1998; x_wconf 81' lang='lat' dir='ltr'><strong>Herespctemorum</strong></span> <span class='ocrx_word' id='word_1_69' title='bbox 614 1923 785 1980; x_wconf 81' lang='lat' dir='ltr'><strong>oraculorum</strong></span> <span class='ocrx_word' id='word_1_70' title='bbox 795 1923 922 1980; x_wconf 74' lang='lat' dir='ltr'><strong>abnuere</strong></span> <span class='ocrx_word' id='word_1_71' title='bbox 936 1923 1078 1983; x_wconf 66' lang='lat' dir='ltr'><strong>liberem</strong></span> 
     </span>
     <span class='ocr_line' id='line_1_14' title="bbox 206 1999 1080 2076; baseline 0 -16"><span class='ocrx_word' id='word_1_72' title='bbox 206 2000 255 2060; x_wconf 90' lang='grc' dir='ltr'><strong>ΙΙ.</strong></span> <span class='ocrx_word' id='word_1_73' title='bbox 277 2001 355 2076; x_wconf 86' lang='lat' dir='ltr'><strong>Ejus</strong></span> <span class='ocrx_word' id='word_1_74' title='bbox 363 2003 482 2057; x_wconf 82' lang='lat' dir='ltr'><strong>uirtutes</strong></span> <span class='ocrx_word' id='word_1_75' title='bbox 492 2011 519 2056; x_wconf 89' lang='lat' dir='ltr'><strong>et</strong></span> <span class='ocrx_word' id='word_1_76' title='bbox 532 2021 578 2058; x_wconf 84' lang='lat' dir='ltr'><strong>res</strong></span> <span class='ocrx_word' id='word_1_77' title='bbox 588 2012 694 2076; x_wconf 78' lang='lat' dir='ltr'><strong>geste:</strong></span> <span class='ocrx_word' id='word_1_78' title='bbox 708 1999 819 2059; x_wconf 78' lang='lat' dir='ltr'><strong>Persas</strong></span> <span class='ocrx_word' id='word_1_79' title='bbox 829 2003 920 2060; x_wconf 85' lang='lat' dir='ltr'><strong>eodem</strong></span> <span class='ocrx_word' id='word_1_80' title='bbox 930 2003 974 2059; x_wconf 83' lang='lat' dir='ltr'><strong>die</strong></span> <span class='ocrx_word' id='word_1_81' title='bbox 984 2003 1080 2061; x_wconf 76' lang='lat' dir='ltr'><strong>mccli</strong></span> 
     </span>
     <span class='ocr_line' id='line_1_15' title="bbox 204 2073 1160 2156; baseline 0.001 -19"><span class='ocrx_word' id='word_1_82' title='bbox 204 2090 235 2138; x_wconf 89' lang='lat' dir='ltr'><strong>et</strong></span> <span class='ocrx_word' id='word_1_83' title='bbox 260 2080 389 2137; x_wconf 79' lang='lat' dir='ltr'><strong>terrestri</strong></span> <span class='ocrx_word' id='word_1_84' title='bbox 404 2079 503 2156; x_wconf 75' lang='lat' dir='ltr'><strong>prelio</strong></span> <span class='ocrx_word' id='word_1_85' title='bbox 523 2081 618 2136; x_wconf 60' lang='lat' dir='ltr'><strong>uiuat.</strong></span> <span class='ocrx_word' id='word_1_86' title='bbox 669 2079 731 2136; x_wconf 88' lang='lat' dir='ltr'><em>III.</em></span> <span class='ocrx_word' id='word_1_87' title='bbox 765 2079 939 2138; x_wconf 83' lang='lat' dir='ltr'><strong>Ostroeismo</strong></span> <span class='ocrx_word' id='word_1_88' title='bbox 959 2081 1077 2155; x_wconf 64' lang='lat' dir='ltr'><strong>q&#39;ieitur.</strong></span> <span class='ocrx_word' id='word_1_89' title='bbox 1156 2073 1160 2084; x_wconf 86' lang='grc'><strong>’</strong></span> 
     </span>
     <span class='ocr_line' id='line_1_16' title="bbox 206 2157 1079 2217; baseline -0.001 0"><span class='ocrx_word' id='word_1_90' title='bbox 206 2159 371 2217; x_wconf 82' lang='lat' dir='ltr'><strong>Revocatus</strong></span> <span class='ocrx_word' id='word_1_91' title='bbox 414 2177 487 2214; x_wconf 84' lang='lat' dir='ltr'><strong>acam</strong></span> <span class='ocrx_word' id='word_1_92' title='bbox 508 2177 568 2214; x_wconf 86' lang='lat' dir='ltr'><strong>cum</strong></span> <span class='ocrx_word' id='word_1_93' title='bbox 586 2157 804 2216; x_wconf 77' lang='lat' dir='ltr'><strong>Locedemooiis</strong></span> <span class='ocrx_word' id='word_1_94' title='bbox 824 2159 962 2216; x_wconf 68' lang='lat' dir='ltr'><strong>condiiot.</strong></span> <span class='ocrx_word' id='word_1_95' title='bbox 1007 2159 1079 2217; x_wconf 84' lang='lat' dir='ltr'><strong>Citii</strong></span> 
     </span>
     <span class='ocr_line' id='line_1_17' title="bbox 205 2235 857 2312; baseline -0.002 -17"><span class='ocrx_word' id='word_1_96' title='bbox 205 2239 335 2295; x_wconf 74' lang='lat' dir='ltr'><strong>moritur.</strong></span> <span class='ocrx_word' id='word_1_97' title='bbox 400 2235 435 2294; x_wconf 89' lang='lat' dir='ltr'><strong>V.</strong></span> <span class='ocrx_word' id='word_1_98' title='bbox 462 2235 612 2294; x_wconf 82' lang='lat' dir='ltr'><strong>Laudatur</strong></span> <span class='ocrx_word' id='word_1_99' title='bbox 622 2237 683 2312; x_wconf 85' lang='lat' dir='ltr'><strong>ejus</strong></span> <span class='ocrx_word' id='word_1_100' title='bbox 693 2237 857 2294; x_wconf 81' lang='lat' dir='ltr'><strong>liberalitas.</strong></span> 
     </span>
    </p>
   </div>
   <div class='ocr_carea' id='block_1_8' title="bbox 164 2389 1195 3804">
    <p class='ocr_par' dir='ltr' id='par_1_8' title="bbox 164 2389 1195 3804">
     <span class='ocr_line' id='line_1_18' title="bbox 205 2389 1115 2462; baseline 0 -10"><span class='ocrx_word' id='word_1_101' title='bbox 205 2393 235 2452; x_wconf 94' lang='lat' dir='ltr'><strong>I.</strong></span> <span class='ocrx_word' id='word_1_102' title='bbox 257 2392 372 2462; x_wconf 84' lang='lat' dir='ltr'><strong>Cimon,</strong></span> <span class='ocrx_word' id='word_1_103' title='bbox 381 2391 522 2448; x_wconf 78' lang='lat' dir='ltr'><strong>Miltiadis</strong></span> <span class='ocrx_word' id='word_1_104' title='bbox 531 2392 619 2462; x_wconf 86' lang='lat' dir='ltr'><strong>filius,</strong></span> <span class='ocrx_word' id='word_1_105' title='bbox 630 2390 831 2460; x_wconf 83' lang='lat' dir='ltr'><strong>Atheniensis,</strong></span> <span class='ocrx_word' id='word_1_106' title='bbox 842 2391 913 2447; x_wconf 89' lang='lat' dir='ltr'><strong>duro</strong></span> <span class='ocrx_word' id='word_1_107' title='bbox 928 2389 1080 2449; x_wconf 76' lang='lat' dir='ltr'><strong>admodum</strong></span> <span class='ocrx_word' id='word_1_108' title='bbox 1101 2397 1115 2452; x_wconf 89' lang='lat'>1</span> 
     </span>
     <span class='ocr_line' id='line_1_19' title="bbox 164 2469 1053 2544; baseline -0.007 -14"><span class='ocrx_word' id='word_1_109' title='bbox 164 2471 252 2531; x_wconf 90' lang='lat' dir='ltr'><strong>initio</strong></span> <span class='ocrx_word' id='word_1_110' title='bbox 264 2487 337 2527; x_wconf 90' lang='lat' dir='ltr'><strong>usus</strong></span> <span class='ocrx_word' id='word_1_111' title='bbox 352 2481 398 2527; x_wconf 91' lang='lat' dir='ltr'><strong>est</strong></span> <span class='ocrx_word' id='word_1_112' title='bbox 418 2469 634 2528; x_wconf 79' lang='lat' dir='ltr'><strong>adolescentia.</strong></span> <span class='ocrx_word' id='word_1_113' title='bbox 675 2469 754 2526; x_wconf 88' lang='lat' dir='ltr'><strong>Nam</strong></span> <span class='ocrx_word' id='word_1_114' title='bbox 773 2487 860 2544; x_wconf 91' lang='lat' dir='ltr'><strong>quum</strong></span> <span class='ocrx_word' id='word_1_115' title='bbox 877 2477 961 2544; x_wconf 88' lang='lat' dir='ltr'><strong>pater</strong></span> <span class='ocrx_word' id='word_1_116' title='bbox 1014 2494 1053 2534; x_wconf 68' lang='lat'><strong>439</strong></span> 
     </span>
     <span class='ocr_line' id='line_1_20' title="bbox 164 2543 1079 2628; baseline -0.007 -19"><span class='ocrx_word' id='word_1_117' title='bbox 164 2551 234 2628; x_wconf 85' lang='lat' dir='ltr'><strong>ejus</strong></span> <span class='ocrx_word' id='word_1_118' title='bbox 247 2548 331 2607; x_wconf 92' lang='lat' dir='ltr'><strong>litem</strong></span> <span class='ocrx_word' id='word_1_119' title='bbox 344 2547 512 2606; x_wconf 73' lang='lat' dir='ltr'><strong>estimatam</strong></span> <span class='ocrx_word' id='word_1_120' title='bbox 525 2549 632 2625; x_wconf 91' lang='lat' dir='ltr'><strong>populo</strong></span> <span class='ocrx_word' id='word_1_121' title='bbox 646 2547 763 2605; x_wconf 85' lang='lat' dir='ltr'><strong>solvere</strong></span> <span class='ocrx_word' id='word_1_122' title='bbox 776 2564 835 2605; x_wconf 89' lang='lat' dir='ltr'><strong>non</strong></span> <span class='ocrx_word' id='word_1_123' title='bbox 849 2546 958 2622; x_wconf 89' lang='lat' dir='ltr'><strong>potuis-</strong></span> <span class='ocrx_word' id='word_1_124' title='bbox 995 2554 1016 2583; x_wconf 83' lang='lat'><strong>⁸·</strong></span> <span class='ocrx_word' id='word_1_125' title='bbox 1024 2543 1048 2583; x_wconf 84' lang='lat'><strong>⁰·</strong></span> <span class='ocrx_word' id='word_1_126' title='bbox 1057 2555 1079 2584; x_wconf 60' lang='lat'><strong>”⁶</strong></span> 
     </span>
     <span class='ocr_line' id='line_1_21' title="bbox 165 2625 1075 2701; baseline -0.002 -13"><span class='ocrx_word' id='word_1_127' title='bbox 165 2639 224 2699; x_wconf 89' lang='lat' dir='ltr'><strong>set,</strong></span> <span class='ocrx_word' id='word_1_128' title='bbox 237 2629 276 2685; x_wconf 93' lang='lat' dir='ltr'><strong>ob</strong></span> <span class='ocrx_word' id='word_1_129' title='bbox 291 2644 410 2701; x_wconf 87' lang='lat' dir='ltr'><strong>eamque</strong></span> <span class='ocrx_word' id='word_1_130' title='bbox 426 2646 546 2685; x_wconf 85' lang='lat' dir='ltr'><strong>causam</strong></span> <span class='ocrx_word' id='word_1_131' title='bbox 555 2627 587 2684; x_wconf 90' lang='lat' dir='ltr'><strong>in</strong></span> <span class='ocrx_word' id='word_1_132' title='bbox 596 2625 724 2684; x_wconf 77' lang='lat' dir='ltr'><strong>vmeulis</strong></span> <span class='ocrx_word' id='word_1_133' title='bbox 736 2625 862 2701; x_wconf 86' lang='lat' dir='ltr'><strong>publicis</strong></span> <span class='ocrx_word' id='word_1_134' title='bbox 876 2625 1075 2686; x_wconf 87' lang='lat' dir='ltr'><strong>decessisset:</strong></span> 
     </span>
     <span class='ocr_line' id='line_1_22' title="bbox 167 2703 1077 2781; baseline -0.002 -15"><span class='ocrx_word' id='word_1_135' title='bbox 167 2705 277 2766; x_wconf 84' lang='lat' dir='ltr'><strong>Cimon</strong></span> <span class='ocrx_word' id='word_1_136' title='bbox 290 2705 394 2764; x_wconf 85' lang='lat' dir='ltr'><strong>eadem</strong></span> <span class='ocrx_word' id='word_1_137' title='bbox 414 2705 546 2764; x_wconf 84' lang='lat' dir='ltr'><strong>custodia</strong></span> <span class='ocrx_word' id='word_1_138' title='bbox 565 2706 725 2775; x_wconf 85' lang='lat' dir='ltr'><strong>tenebatur,</strong></span> <span class='ocrx_word' id='word_1_139' title='bbox 741 2723 835 2779; x_wconf 88' lang='lat' dir='ltr'><strong>neque</strong></span> <span class='ocrx_word' id='word_1_140' title='bbox 855 2703 971 2781; x_wconf 84' lang='lat' dir='ltr'><strong>legibus</strong></span> <span class='ocrx_word' id='word_1_141' title='bbox 985 2705 1077 2764; x_wconf 86' lang='lat' dir='ltr'><strong>Atho·</strong></span> 
     </span>
     <span class='ocr_line' id='line_1_23' title="bbox 166 2783 1195 2860; baseline -0.002 -16"><span class='ocrx_word' id='word_1_142' title='bbox 166 2785 316 2844; x_wconf 88' lang='lat' dir='ltr'><strong>niensium</strong></span> <span class='ocrx_word' id='word_1_143' title='bbox 336 2784 426 2842; x_wconf 87' lang='lat' dir='ltr'><strong>emitti</strong></span> <span class='ocrx_word' id='word_1_144' title='bbox 444 2794 565 2860; x_wconf 90' lang='lat' dir='ltr'><strong>poterat,</strong></span> <span class='ocrx_word' id='word_1_145' title='bbox 578 2784 637 2840; x_wconf 86' lang='lat' dir='ltr'><strong>nisi</strong></span> <span class='ocrx_word' id='word_1_146' title='bbox 657 2783 820 2860; x_wconf 91' lang='lat' dir='ltr'><strong>pecuniam,</strong></span> <span class='ocrx_word' id='word_1_147' title='bbox 834 2802 890 2858; x_wconf 88' lang='lat' dir='ltr'><strong>qua</strong></span> <span class='ocrx_word' id='word_1_148' title='bbox 909 2793 992 2860; x_wconf 88' lang='lat' dir='ltr'><strong>pater</strong></span> <span class='ocrx_word' id='word_1_149' title='bbox 1003 2785 1076 2842; x_wconf 91' lang='lat' dir='ltr'><strong>mul·</strong></span> <span class='ocrx_word' id='word_1_150' title='bbox 1192 2812 1195 2816; x_wconf 93' lang='lat'>·</span> 
     </span>
     <span class='ocr_line' id='line_1_24' title="bbox 166 2863 1114 2932; baseline 0.001 -11"><span class='ocrx_word' id='word_1_151' title='bbox 166 2873 244 2921; x_wconf 89' lang='lat' dir='ltr'><strong>tatus</strong></span> <span class='ocrx_word' id='word_1_152' title='bbox 267 2873 337 2932; x_wconf 86' lang='lat' dir='ltr'><strong>erat,</strong></span> <span class='ocrx_word' id='word_1_153' title='bbox 364 2863 512 2920; x_wconf 85' lang='lat' dir='ltr'><strong>solvisset.</strong></span> <span class='ocrx_word' id='word_1_154' title='bbox 554 2863 690 2922; x_wconf 82' lang='lat' dir='ltr'><strong>Habebat</strong></span> <span class='ocrx_word' id='word_1_155' title='bbox 713 2873 810 2920; x_wconf 86' lang='lat' dir='ltr'><strong>sutem</strong></span> <span class='ocrx_word' id='word_1_156' title='bbox 836 2863 867 2919; x_wconf 92' lang='lat' dir='ltr'><strong>in</strong></span> <span class='ocrx_word' id='word_1_157' title='bbox 892 2863 1074 2921; x_wconf 87' lang='lat' dir='ltr'><strong>matrimonio</strong></span> <span class='ocrx_word' id='word_1_158' title='bbox 1095 2869 1114 2922; x_wconf 75' lang='lat'><em>2</em></span> 
     </span>
     <span class='ocr_line' id='line_1_25' title="bbox 166 2941 1074 3019; baseline 0 -20"><span class='ocrx_word' id='word_1_159' title='bbox 166 2959 298 3000; x_wconf 86' lang='lat' dir='ltr'><strong>sororem</strong></span> <span class='ocrx_word' id='word_1_160' title='bbox 311 2959 477 3018; x_wconf 81' lang='lat' dir='ltr'><strong>germanam</strong></span> <span class='ocrx_word' id='word_1_161' title='bbox 490 2961 581 3013; x_wconf 83' lang='lat' dir='ltr'><strong>suem,</strong></span> <span class='ocrx_word' id='word_1_162' title='bbox 594 2941 711 2999; x_wconf 89' lang='lat' dir='ltr'><strong>nomine</strong></span> <span class='ocrx_word' id='word_1_163' title='bbox 728 2941 895 3016; x_wconf 85' lang='lat' dir='ltr'><strong>Elpinicen,</strong></span> <span class='ocrx_word' id='word_1_164' title='bbox 909 2959 967 2998; x_wconf 90' lang='lat' dir='ltr'><strong>non</strong></span> <span class='ocrx_word' id='word_1_165' title='bbox 980 2942 1074 3019; x_wconf 81' lang='lat' dir='ltr'><strong>magis</strong></span> 
     </span>
     <span class='ocr_line' id='line_1_26' title="bbox 167 3019 1075 3096; baseline 0 -19"><span class='ocrx_word' id='word_1_166' title='bbox 167 3039 275 3090; x_wconf 88' lang='lat' dir='ltr'><strong>amore,</strong></span> <span class='ocrx_word' id='word_1_167' title='bbox 296 3037 382 3096; x_wconf 87' lang='lat' dir='ltr'><strong>quam</strong></span> <span class='ocrx_word' id='word_1_168' title='bbox 399 3039 478 3078; x_wconf 90' lang='lat' dir='ltr'><strong>more</strong></span> <span class='ocrx_word' id='word_1_169' title='bbox 500 3021 613 3078; x_wconf 90' lang='lat' dir='ltr'><strong>ductus.</strong></span> <span class='ocrx_word' id='word_1_170' title='bbox 654 3020 732 3078; x_wconf 91' lang='lat' dir='ltr'><strong>Nam</strong></span> <span class='ocrx_word' id='word_1_171' title='bbox 752 3019 980 3078; x_wconf 87' lang='lat' dir='ltr'><strong>Atheniensibus</strong></span> <span class='ocrx_word' id='word_1_172' title='bbox 1003 3020 1075 3078; x_wconf 89' lang='lat' dir='ltr'><strong>licet</strong></span> 
     </span>
     <span class='ocr_line' id='line_1_27' title="bbox 167 3099 1112 3176; baseline 0.002 -21"><span class='ocrx_word' id='word_1_173' title='bbox 167 3099 272 3156; x_wconf 83' lang='lat' dir='ltr'><strong>eodem</strong></span> <span class='ocrx_word' id='word_1_174' title='bbox 284 3111 365 3176; x_wconf 87' lang='lat' dir='ltr'><strong>patre</strong></span> <span class='ocrx_word' id='word_1_175' title='bbox 379 3111 462 3157; x_wconf 81' lang='lat' dir='ltr'><strong>natas</strong></span> <span class='ocrx_word' id='word_1_176' title='bbox 477 3118 582 3158; x_wconf 86' lang='lat' dir='ltr'><strong>uxores</strong></span> <span class='ocrx_word' id='word_1_177' title='bbox 603 3099 721 3157; x_wconf 86' lang='lat' dir='ltr'><strong>ducere.</strong></span> <span class='ocrx_word' id='word_1_178' title='bbox 763 3099 859 3175; x_wconf 89' lang='lat' dir='ltr'><strong>Hujus</strong></span> <span class='ocrx_word' id='word_1_179' title='bbox 881 3099 1074 3176; x_wconf 78' lang='lat' dir='ltr'><strong>conjugii&gt;cu=</strong></span> <span class='ocrx_word' id='word_1_180' title='bbox 1094 3103 1112 3157; x_wconf 86' lang='grc'><strong>3</strong></span> 
     </span>
     <span class='ocr_line' id='line_1_28' title="bbox 167 3176 1073 3254; baseline 0.003 -22"><span class='ocrx_word' id='word_1_181' title='bbox 167 3176 252 3252; x_wconf 90' lang='lat' dir='ltr'><strong>pidus</strong></span> <span class='ocrx_word' id='word_1_182' title='bbox 274 3177 387 3236; x_wconf 86' lang='lat' dir='ltr'><strong>Callias</strong></span> <span class='ocrx_word' id='word_1_183' title='bbox 408 3179 533 3254; x_wconf 87' lang='lat' dir='ltr'><strong>quidam,</strong></span> <span class='ocrx_word' id='word_1_184' title='bbox 546 3197 605 3236; x_wconf 93' lang='lat' dir='ltr'><strong>non</strong></span> <span class='ocrx_word' id='word_1_185' title='bbox 625 3188 684 3235; x_wconf 91' lang='lat' dir='ltr'><strong>tam</strong></span> <span class='ocrx_word' id='word_1_186' title='bbox 702 3195 873 3254; x_wconf 87' lang='lat' dir='ltr'><strong>generosus,</strong></span> <span class='ocrx_word' id='word_1_187' title='bbox 887 3195 972 3250; x_wconf 88' lang='lat' dir='ltr'><strong>quam</strong></span> <span class='ocrx_word' id='word_1_188' title='bbox 984 3196 1073 3252; x_wconf 89' lang='lat' dir='ltr'><strong>pecu·</strong></span> 
     </span>
     <span class='ocr_line' id='line_1_29' title="bbox 167 3254 1073 3333; baseline 0.002 -23"><span class='ocrx_word' id='word_1_189' title='bbox 167 3254 277 3326; x_wconf 87' lang='lat' dir='ltr'><strong>niosus,</strong></span> <span class='ocrx_word' id='word_1_190' title='bbox 294 3257 344 3331; x_wconf 92' lang='lat' dir='ltr'><strong>qui</strong></span> <span class='ocrx_word' id='word_1_191' title='bbox 366 3275 486 3333; x_wconf 83' lang='lat' dir='ltr'><strong>magnas</strong></span> <span class='ocrx_word' id='word_1_192' title='bbox 506 3257 647 3333; x_wconf 79' lang='lat' dir='ltr'><strong>pecunias</strong></span> <span class='ocrx_word' id='word_1_193' title='bbox 672 3275 710 3313; x_wconf 85' lang='lat' dir='ltr'><strong>ex</strong></span> <span class='ocrx_word' id='word_1_194' title='bbox 729 3255 854 3313; x_wconf 82' lang='lat' dir='ltr'><strong>metallis</strong></span> <span class='ocrx_word' id='word_1_195' title='bbox 875 3255 993 3326; x_wconf 81' lang='lat' dir='ltr'><strong>lecerat,</strong></span> <span class='ocrx_word' id='word_1_196' title='bbox 1013 3255 1073 3332; x_wconf 87' lang='lat' dir='ltr'><strong>egit</strong></span> 
     </span>
     <span class='ocr_line' id='line_1_30' title="bbox 168 3333 1072 3410; baseline 0.002 -22"><span class='ocrx_word' id='word_1_197' title='bbox 168 3349 233 3390; x_wconf 92' lang='lat' dir='ltr'><strong>cum</strong></span> <span class='ocrx_word' id='word_1_198' title='bbox 250 3335 382 3406; x_wconf 77' lang='lat' dir='ltr'><strong>Cimone,</strong></span> <span class='ocrx_word' id='word_1_199' title='bbox 395 3347 427 3392; x_wconf 91' lang='lat' dir='ltr'><strong>ut</strong></span> <span class='ocrx_word' id='word_1_200' title='bbox 449 3354 515 3393; x_wconf 85' lang='lat' dir='ltr'><strong>eam</strong></span> <span class='ocrx_word' id='word_1_201' title='bbox 538 3335 595 3392; x_wconf 89' lang='lat' dir='ltr'><strong>sibi</strong></span> <span class='ocrx_word' id='word_1_202' title='bbox 618 3353 739 3392; x_wconf 87' lang='lat' dir='ltr'><strong>uxorem</strong></span> <span class='ocrx_word' id='word_1_203' title='bbox 760 3333 858 3391; x_wconf 84' lang='lat' dir='ltr'><strong>daret:</strong></span> <span class='ocrx_word' id='word_1_204' title='bbox 879 3333 910 3391; x_wconf 92' lang='lat' dir='ltr'><strong>id</strong></span> <span class='ocrx_word' id='word_1_205' title='bbox 933 3333 960 3391; x_wconf 89' lang='lat' dir='ltr'><strong>si</strong></span> <span class='ocrx_word' id='word_1_206' title='bbox 981 3334 1072 3410; x_wconf 92' lang='lat' dir='ltr'><strong>impe·</strong></span> 
     </span>
     <span class='ocr_line' id='line_1_31' title="bbox 168 3413 1110 3491; baseline 0.004 -24"><span class='ocrx_word' id='word_1_207' title='bbox 168 3420 281 3483; x_wconf 86' lang='lat' dir='ltr'><strong>trasset,</strong></span> <span class='ocrx_word' id='word_1_208' title='bbox 296 3433 330 3472; x_wconf 88' lang='lat' dir='ltr'><strong>se</strong></span> <span class='ocrx_word' id='word_1_209' title='bbox 344 3434 396 3491; x_wconf 91' lang='lat' dir='ltr'><strong>pro</strong></span> <span class='ocrx_word' id='word_1_210' title='bbox 407 3415 458 3472; x_wconf 89' lang='lat' dir='ltr'><strong>illo</strong></span> <span class='ocrx_word' id='word_1_211' title='bbox 471 3413 627 3490; x_wconf 87' lang='lat' dir='ltr'><strong>pecuniam</strong></span> <span class='ocrx_word' id='word_1_212' title='bbox 640 3413 808 3470; x_wconf 68' lang='lat' dir='ltr'><strong>soluturum.</strong></span> <span class='ocrx_word' id='word_1_213' title='bbox 843 3413 873 3470; x_wconf 89' lang='lat' dir='ltr'><strong>Is</strong></span> <span class='ocrx_word' id='word_1_214' title='bbox 885 3431 971 3487; x_wconf 90' lang='lat' dir='ltr'><strong>quum</strong></span> <span class='ocrx_word' id='word_1_215' title='bbox 983 3414 1072 3469; x_wconf 89' lang='lat' dir='ltr'><strong>talem</strong></span> <span class='ocrx_word' id='word_1_216' title='bbox 1092 3416 1110 3471; x_wconf 80' lang='grc'><strong>4</strong></span> 
     </span>
     <span class='ocr_line' id='line_1_32' title="bbox 167 3490 1071 3568; baseline 0.002 -24"><span class='ocrx_word' id='word_1_217' title='bbox 167 3491 362 3550; x_wconf 88' lang='lat' dir='ltr'><strong>conditionem</strong></span> <span class='ocrx_word' id='word_1_218' title='bbox 371 3503 580 3568; x_wconf 84' lang='lat' dir='ltr'><strong>aspernaretur,</strong></span> <span class='ocrx_word' id='word_1_219' title='bbox 589 3492 726 3566; x_wconf 83' lang='lat' dir='ltr'><strong>Elpinice</strong></span> <span class='ocrx_word' id='word_1_220' title='bbox 734 3490 901 3568; x_wconf 81' lang='lat' dir='ltr'><strong>negavit,se</strong></span> <span class='ocrx_word' id='word_1_221' title='bbox 911 3507 1071 3566; x_wconf 80' lang='lat' dir='ltr'><strong>passuram,</strong></span> 
     </span>
     <span class='ocr_line' id='line_1_33' title="bbox 168 3567 1071 3648; baseline -0.002 -24"><span class='ocrx_word' id='word_1_222' title='bbox 168 3567 309 3628; x_wconf 74' lang='lat' dir='ltr'><strong>Miltiadis</strong></span> <span class='ocrx_word' id='word_1_223' title='bbox 328 3573 499 3648; x_wconf 87' lang='lat' dir='ltr'><strong>progeniem</strong></span> <span class='ocrx_word' id='word_1_224' title='bbox 516 3572 547 3630; x_wconf 93' lang='lat' dir='ltr'><strong>in</strong></span> <span class='ocrx_word' id='word_1_225' title='bbox 560 3571 694 3628; x_wconf 64' lang='lat' dir='ltr'><strong>uinculis</strong></span> <span class='ocrx_word' id='word_1_226' title='bbox 709 3570 835 3645; x_wconf 89' lang='lat' dir='ltr'><strong>publicis</strong></span> <span class='ocrx_word' id='word_1_227' title='bbox 853 3569 982 3637; x_wconf 88' lang='lat' dir='ltr'><strong>interire,</strong></span> <span class='ocrx_word' id='word_1_228' title='bbox 1002 3583 1071 3640; x_wconf 88' lang='lat' dir='ltr'><strong>quo·</strong></span> 
     </span>
     <span class='ocr_line' id='line_1_34' title="bbox 166 3643 1074 3726; baseline 0 -24"><span class='ocrx_word' id='word_1_229' title='bbox 166 3645 244 3704; x_wconf 86' lang='lat' dir='ltr'><strong>niam</strong></span> <span class='ocrx_word' id='word_1_230' title='bbox 266 3649 422 3724; x_wconf 88' lang='lat' dir='ltr'><strong>prohibere</strong></span> <span class='ocrx_word' id='word_1_231' title='bbox 440 3660 550 3726; x_wconf 90' lang='lat' dir='ltr'><strong>posset,</strong></span> <span class='ocrx_word' id='word_1_232' title='bbox 574 3667 665 3724; x_wconf 89' lang='lat' dir='ltr'><strong>seque</strong></span> <span class='ocrx_word' id='word_1_233' title='bbox 688 3649 790 3707; x_wconf 79' lang='lat' dir='ltr'><strong>Calliae</strong></span> <span class='ocrx_word' id='word_1_234' title='bbox 803 3657 963 3724; x_wconf 83' lang='lat' dir='ltr'><strong>nupturam,</strong></span> <span class='ocrx_word' id='word_1_235' title='bbox 977 3643 1005 3700; x_wconf 86' lang='lat' dir='ltr'><strong>si</strong></span> <span class='ocrx_word' id='word_1_236' title='bbox 1025 3660 1074 3716; x_wconf 76' lang='grc' dir='ltr'><strong>οι,</strong></span> 
     </span>
     <span class='ocr_line' id='line_1_35' title="bbox 167 3727 644 3804; baseline 0.006 -21"><span class='ocrx_word' id='word_1_237' title='bbox 167 3741 230 3801; x_wconf 78' lang='lat' dir='ltr'><strong>quse</strong></span> <span class='ocrx_word' id='word_1_238' title='bbox 243 3727 440 3803; x_wconf 87' lang='lat' dir='ltr'><strong>polliceretur,</strong></span> <span class='ocrx_word' id='word_1_239' title='bbox 453 3729 644 3804; x_wconf 76' lang='lat' dir='ltr'><strong>praestitisset.</strong></span> 
     </span>
    </p>
   </div>
   <div class='ocr_carea' id='block_1_9' title="bbox 643 3809 747 3900">
    <p class='ocr_par' dir='ltr' id='par_1_9' title="bbox 643 3809 747 3900">
     <span class='ocr_line' id='line_1_36' title="bbox 643 3809 747 3900; baseline 0 -4"><span class='ocrx_word' id='word_1_240' title='bbox 643 3809 747 3900; x_wconf 51' lang='grc' dir='ltr'><strong>ὲκ</strong></span> 
     </span>
    </p>
   </div>
   <div class='ocr_carea' id='block_1_10' title="bbox 0 0 1366 4306">
    <p class='ocr_par' dir='ltr' id='par_1_10' title="bbox 0 0 1366 4306">
     <span class='ocr_line' id='line_1_37' title="bbox 0 0 1366 4306; baseline 0 0"><span class='ocrx_word' id='word_1_241' title='bbox 0 0 1366 4306; x_wconf 95' lang='lat' dir='ltr'><strong> </strong></span> 
     </span>
    </p>
   </div>
  </div>
 </body>
</html>
