2664 4296
374 343 498 408 XXIII.
543 353 573 420 9,
596 351 645 408 10.
692 339 896 427 (Hannibal.)
1047 350 1089 410 9³

183 496 286 576 duplex
300 498 443 557 memoria
466 497 577 575 prcdlte
597 507 651 556 est.
693 497 830 574 Namque
855 498 905 556 alii
927 496 1089 574 naulrngio,

183 577 230 634 alii
244 596 261 635 a
273 579 369 636 servis
392 578 484 653 ipsius
507 575 694 636 interfectum
708 595 786 648 eum,
801 578 942 653 scriptum
963 577 1088 653 relique·

181 665 255 714 runt.
295 657 462 716 Antiochus
476 666 582 726 autem,
597 657 622 714 si
636 666 697 714 tam
718 657 750 714 in
764 656 875 732 egendo
896 656 972 715 bello
985 673 1088 732 parere
1108 658 1128 712 8

181 735 317 794 voluisset
331 736 460 794 consiliis
473 735 546 811 ejus,
561 753 651 810 qnam
671 735 702 792 in
716 735 899 811 suscipiendo
913 736 1086 803 instituerat,

178 815 295 890 propius
309 814 420 884 Tiberi,
436 833 523 890 quam
546 814 752 890 Thermopylis
776 814 812 872 de
836 832 951 872 summa
972 813 1087 890 imperii

178 893 354 952 dimicasset.
396 894 494 960 Quem
509 894 563 952 etsi
584 894 677 951 multa
690 893 777 952 stulte
792 893 891 952 conari
905 892 1029 961 videbat,
1044 901 1085 950 ta-

178 989 243 1029 men
258 974 341 1030 nulla
355 972 481 1031 deseruit
494 973 526 1030 in
540 991 582 1028 re.
618 971 737 1030 Praefuit
750 972 852 1048 paucis
865 972 997 1042 navibus,
1011 990 1086 1047 ques
1106 975 1124 1029 t

177 1067 212 1106 ex
227 1051 316 1124 Syria
329 1053 434 1128 vjussus
448 1062 511 1110 erat
532 1053 562 1108 in
577 1052 681 1108 Asiam
695 1051 815 1120 ducere,
830 1050 932 1126 hIsque
947 1050 1086 1108 adversus

179 1127 356 1188 Rhodiorum
371 1131 494 1188 classem
508 1131 539 1187 in
561 1129 730 1206 Pamphylio
744 1130 819 1186 meri
839 1129 976 1186 conflixit.
1018 1128 1086 1194 Quo

176 1225 268 1281 quum
282 1209 467 1266 multitudine
481 1209 714 1266 adversariorum
727 1209 774 1265 sui
787 1217 1003 1283 superarentur,
1014 1208 1084 1284 ipse,

177 1303 235 1358 quo
250 1304 344 1342 cornu
358 1305 419 1342 rem
432 1288 530 1360 gessit,
545 1286 600 1344 fuit
613 1286 754 1360 superior.

220 1361 275 1418 IX.
300 1363 443 1420 Antiocho
458 1362 565 1439 lugeto,
580 1381 694 1432 verens,
708 1381 745 1420 ne
759 1361 920 1431 dederetur,
935 1361 1011 1437 quod
1024 1363 1086 1420 sine
1108 1367 1124 1420 1

181 1436 271 1494 dubio
285 1439 445 1510 accidisset,
460 1441 486 1496 si
510 1442 556 1497 sui
580 1440 697 1498 iecisset
720 1449 896 1516 potestatem,
911 1440 1027 1498 Cretam
1051 1439 1089 1496 ad

182 1513 343 1590 Gortynios
357 1519 442 1587 venit,
457 1528 490 1576 ut
514 1519 563 1586 ibi,
577 1537 635 1594 quo
656 1537 687 1574 se
708 1515 861 1586 conferret,
884 1516 1088 1574 consideraret.

182 1592 265 1652 Vidit
289 1605 386 1652 eutem
401 1598 445 1654 vic
465 1597 595 1654 omnium
617 1595 830 1664 callidissimus,
844 1613 950 1670 magno
974 1613 1005 1654 se
1029 1593 1127 1652 feren

176 1673 319 1748 periculo,
335 1675 390 1731 nisi
414 1675 484 1752 quid
508 1675 686 1752 providisset,
702 1683 819 1752 propter
843 1673 995 1732 avaritiam
1020 1673 1086 1732 Cre-

174 1753 312 1810 tensium.
356 1752 495 1831 Magnam
510 1756 588 1812 enim
602 1773 703 1812 secum
723 1753 879 1829 pecuniam
897 1753 1034 1828 portabat,
1050 1751 1085 1810 de

173 1849 233 1905 qua
247 1832 358 1890 sciebat
368 1835 463 1892 exisse
478 1833 596 1892 lamam.
639 1833 742 1909 Itaque
757 1832 833 1909 cepit
847 1831 906 1889 tela
920 1831 1081 1890 consilium.
1104 1837 1121 1890 ³

173 1909 340 1986 Amphores
363 1913 527 1990 complures
540 1912 665 1988 complet
678 1911 816 1988 plumb03
837 1929 968 1969 summas
991 1912 1083 1988 operit

173 2000 287 2048 nuncet
301 2009 319 2047 a
355 2001 430 2050 ento.
473 1991 546 2061 Has,
560 1991 752 2068 presentibus
765 1990 953 2066 principibus,
968 1989 1083 2066 deponit

172 2067 203 2123 in
216 2009 448 2145 templorilianae,
460 2071 610 2140 simulans,
619 2089 650 2128 se
661 2089 731 2128 suas
745 2068 875 2128 fortunas
888 2069 1006 2128 illorum
1015 2068 1083 2126 fidei

172 2146 302 2206 credere.
342 2147 399 2207 His
412 2149 442 2206 in
456 2169 584 2208 errorem
606 2149 741 2217 inductis,
756 2158 867 2207 statuas
887 2167 994 2218 aeneas,
1009 2167 1083 2223 ques

172 2243 273 2284 secum
288 2228 426 2304 portabat,
441 2247 541 2286 omnes
554 2247 609 2286 sua
631 2229 757 2303 pecunie
771 2227 904 2303 complet,
919 2245 1028 2302 easque
1052 2226 1083 2282 in

173 2307 322 2380 propatulo
336 2307 414 2364 domi
429 2307 537 2381 abjicit.
580 2306 715 2380 Gortynii
734 2307 874 2381 templum
888 2321 1082 2382 magnacum
1103 2309 1122 2363 4

172 2384 347 2454 custodiunt,
362 2401 420 2441 non
445 2394 505 2442 tem
526 2403 544 2440 n
557 2385 671 2453 ceteris,
694 2402 783 2458 quam
797 2384 833 2440 ab
855 2383 1031 2453 Hannibale,
1045 2402 1083 2442 nc

173 2460 233 2530 ille,
248 2463 440 2520 inscientibus
452 2462 507 2532 his,
521 2461 639 2518 tolleret
647 2480 806 2536 secumque
819 2461 948 2520 duceret.

215 2538 254 2594 X.
277 2539 338 2607 Sic,
363 2541 541 2597 conservatis
555 2540 616 2596 suis
640 2539 735 2608 rebus,
759 2539 874 2609 Poenus,
899 2541 993 2599 illusis
1013 2541 1119 2600 Cre-1

176 2616 308 2672 rensibus
334 2617 478 2686 omnibus,
507 2617 542 2674 ad
576 2617 709 2675 Prusiam
735 2618 765 2676 in
792 2619 913 2678 Pontum
940 2623 1080 2697 pervenit.

179 2692 269 2767 Apud
283 2711 370 2768 quem
385 2693 484 2752 eodem
498 2697 592 2754 animo
607 2696 661 2754 fuit
674 2715 743 2774 erga
756 2697 878 2770 ltaliam,
892 2718 987 2776 neque
1002 2699 1081 2758 eliud

177 2770 337 2848 quidquem
352 2773 420 2849 egit,
435 2792 523 2850 quem
536 2793 635 2854 regem
649 2779 770 2836 armavit
784 2788 812 2838 et
832 2780 966 2838 exercuit
980 2779 1080 2837 adver-

175 2868 228 2908 sus
248 2849 405 2910 Romanos.
447 2853 543 2920 Quem
567 2875 658 2932 quum
674 2856 781 2917 videret
804 2857 970 2918 domesticis
994 2859 1082 2916 rebus
1101 2862 1121 2916 2

174 2929 272 2988 minus
285 2950 349 2989 esse
370 2933 527 3005 robustum,
542 2936 715 2994 conciliabat
738 2948 850 2996 eeteros
870 2955 964 3014 reges,
980 2937 1080 3012 adjun-

171 3009 317 3086 gebatque
343 3011 493 3072 bellicosas
515 3016 656 3074 nationes.
697 3014 861 3075 Dissidebat
875 3016 912 3072 eb
926 3034 961 3072 eo
975 3013 1080 3091 Perga-

172 3105 274 3147 menus
289 3109 350 3160 rex,
365 3091 523 3164 Eumenes,
538 3094 679 3152 Romanis
693 3097 896 3162 amicissimus,
913 3093 1080 3170 bellumque

170 3167 244 3226 inter
258 3189 308 3227 eos
321 3172 478 3246 gerebatur
485 3183 514 3230 et
529 3174 602 3231 mari
617 3184 645 3230 et
659 3182 753 3232 terre:
775 3193 833 3250 qno
843 3171 937 3246 magis
946 3173 1081 3248 cupiebat

170 3265 238 3304 cum
264 3248 413 3308 Hannibal
427 3253 560 3328 opprimi.
602 3252 661 3308 Sed
686 3254 837 3327 utrobique
852 3249 1001 3308 Eumenes
1015 3250 1081 3327 plus
1101 3252 1120 3307 ³

170 3327 284 3384 volebat
299 3339 415 3404 propter
429 3329 626 3388 Romanorum
641 3331 825 3390 societatem:
847 3347 935 3403 quem
949 3330 974 3386 si
989 3346 1078 3388 remo·

170 3405 266 3474 visset,
283 3405 416 3464 faciliora
429 3408 484 3464 sibi
498 3420 597 3466 cetere
611 3407 672 3466 fore
691 3409 895 3467 arbitrabatur.
939 3406 987 3464 Ad
1001 3409 1080 3464 hunc
1179 3473 1182 3479 Ι

170 3482 403 3542 interficiendum
418 3487 506 3543 telem
521 3488 584 3544 iniit
598 3487 748 3544 rationem.
790 3485 891 3543 Clnsse
906 3485 1007 3560 paucis
1021 3483 1079 3540 die·
1100 3489 1117 3546 4

170 3561 224 3620 bus
237 3574 322 3622 erent
336 3563 493 3620 decreturi.
529 3563 729 3640 Superabatur
744 3565 864 3622 navium
878 3560 1079 3620 multitudine:

169 3637 233 3699 dolo
247 3652 311 3700 erat
332 3640 533 3719 pugnandum,
547 3660 639 3717 quum
660 3659 712 3717 par
726 3659 782 3698 non
796 3649 872 3696 esset
886 3638 983 3695 armis.
1024 3636 1080 3698 Im.

170 3723 282 3802 peravit
295 3737 388 3798 quam
402 3719 543 3795 plurimes
551 3729 707 3776 veneuntes
714 3723 862 3792 serpentes
876 3715 958 3773 vivas
970 3715 1079 3798 colligi,
