2692 4306
252 413 294 473 28
464 447 466 452 -
487 403 535 468 VI
588 409 619 479 2,
635 408 664 465 3.
707 399 909 484 (Lysander)

247 553 385 613 factiosus
397 547 545 625 audiitque
556 549 669 619 linisset,
681 547 724 605 sic
736 547 793 604 sibi
803 544 932 616 indulsit,
942 555 974 602 ut
988 547 1050 621 ejus
1061 563 1149 623 opera

247 634 278 691 in
290 632 445 690 maximum
458 630 556 688 odium
577 627 698 686 Graeciac
720 624 935 684 Laccdaemonii
955 626 1149 700 pervenerint.

210 716 228 770 l
366 710 443 768 Nam
451 702 960 783 quumhanccausamLacedaemonii
969 703 1152 761 dictitassent

260 770 332 860 mff„
367 787 423 846 sibi
433 787 589 856 essebelli,
597 795 628 843 ut
636 782 1053 858 Atheniensiumimpotentem
1062 781 1152 839 domi·

261 870 334 908 neena
366 867 513 923 nationem
547 864 747 940 refringerent,
775 871 925 938 postquam
952 860 1028 936 apud
1055 861 1151 936 AEgos

249 929 269 958 ι
282 919 307 958 ⁰⁶
320 929 342 958 '¹'
367 946 474 1002 fiumen
485 944 637 1021 Lysander
646 941 750 1000 classis
761 940 887 998 hostium
898 947 944 995 est
953 938 1070 1014 potitus,
1078 939 1153 998 nihil

249 1023 327 1082 atiud
337 1024 453 1081 molitus
468 1033 522 1094 est,
533 1041 618 1096 quam
627 1031 658 1078 ut
668 1039 769 1077 omnes
782 1019 914 1075 civitates
930 1019 961 1074 in
974 1036 1027 1074 sua
1040 1027 1153 1074 teneret

249 1113 402 1178 potestate,
421 1121 507 1178 quum
530 1102 561 1158 id
584 1120 617 1158 se
640 1097 924 1157 Lacedaemoniorum
945 1114 1035 1152 causa
1054 1095 1152 1154 facere

121 1237 123 1242 .
211 1181 407 1238 5simularet.
448 1181 580 1254 Namque
604 1178 739 1252 undique,
753 1177 802 1250 qui
823 1174 1045 1232 Atheniensium
1065 1175 1151 1232 rebus

250 1259 437 1330 studuissent,
452 1260 565 1335 ejectis,
580 1257 684 1315 decem
697 1256 846 1330 delegerat
859 1255 890 1311 in
902 1271 1070 1328 unaquaque
1082 1253 1153 1310 civi·

249 1348 317 1407 tate,
330 1337 433 1411 quibus
447 1355 588 1394 summum
607 1334 759 1410 imperium
778 1343 1006 1409 potestatemque
1027 1332 1154 1390 omnium

251 1434 346 1472 rerum
359 1416 558 1473 committeret.
592 1415 704 1472 Horum
717 1413 748 1470 in
760 1430 910 1469 numerum
922 1429 1008 1468 nemo
1023 1410 1153 1468 admitte·

250 1495 340 1564 batur,
353 1495 412 1551 nisi
422 1495 471 1570 qui
482 1503 530 1550 aut
544 1493 606 1570 ejus
620 1491 747 1567 hospitio
759 1491 961 1560 contineretur,
972 1499 1021 1546 aut
1031 1507 1064 1546 se
1073 1487 1153 1546 illius

251 1571 312 1629 sore
326 1573 471 1649 proprium
484 1573 540 1630 fide
557 1573 745 1629 confirmarat.

216 1656 227 1710 l
291 1651 333 1708 ΙΙ.
354 1652 399 1709 Ita
413 1651 599 1709 decemvirali
613 1659 754 1726 potestate
768 1649 799 1705 in
813 1647 943 1704 omnibus
957 1646 1073 1704 urbibus
1086 1664 1154 1704 con·

252 1729 359 1799 stituta,
372 1729 465 1804 ipsius
479 1739 549 1787 nutu
562 1729 658 1786 omnia
672 1729 852 1803 gerebantur.
895 1727 985 1802 Cujus
1000 1725 1036 1782 de
1052 1725 1154 1782 crude·

252 1808 331 1864 litata
354 1826 388 1863 ac
409 1807 530 1882 perfidia
550 1807 621 1864 satis
643 1816 689 1863 est
709 1823 795 1862 unam
814 1823 885 1874 rem,
906 1804 1033 1879 exempli
1053 1804 1154 1879 gratia,

252 1884 390 1960 proferre,
403 1903 441 1940 ne
462 1885 499 1940 de
520 1885 624 1941 eodem
643 1885 726 1960 plura
746 1883 940 1940 enumerando
963 1882 1154 1958 defatigemus

214 1968 232 2020 2
253 1965 389 2020 lectores.
423 1962 525 2019 Victor
534 1981 571 2020 ex
581 1963 654 2020 Asia
664 1981 749 2035 quum
757 1971 956 2032 reverteretur,
968 1961 1154 2036 Thasumque

253 2041 435 2111 devertisset,
449 2041 524 2115 quod
545 2060 581 2098 ea
601 2041 704 2098 civitas
725 2039 871 2116 praecipua
892 2040 949 2097 fide
971 2039 1064 2097 suerat
1086 2058 1155 2116 erga

254 2119 460 2190 Athenienses,
469 2119 588 2194 proinde
604 2137 639 2176 ac
650 2119 676 2175 si
685 2119 774 2176 iidem
784 2118 940 2175 firmissimi
949 2119 1076 2176 solerent
1086 2137 1154 2176 esse

254 2197 350 2267 amici,
364 2197 412 2271 qui
435 2207 601 2254 constantes
621 2197 746 2254 fuissent
765 2196 885 2265 inimici,
907 2216 971 2254 eam
987 2209 1155 2272 pervertere

215 2281 233 2334 3
255 2275 430 2351 concupivit.
465 2276 547 2334 Vidit
567 2287 671 2346 autem,
685 2275 744 2332 nisi
764 2275 795 2332 in
809 2293 845 2332 eo
865 2276 1042 2332 occultasset
1055 2277 1155 2332 volun-

253 2364 350 2424 tatem,
364 2353 495 2426 futurum,
515 2365 547 2412 ut
566 2354 671 2412 Thasii
691 2355 893 2424 dilaberentur,
916 2355 1155 2429 consulerentque

254 2435 340 2492 rebus
355 2433 426 2491 suis.
468 2435 568 2508 ltaque
583 2433 598 2502 †
611 2433 655 2502 ††

218 2516 230 2570 l
294 2513 350 2570 ΙΙΙ.
393 2512 409 2581 †
436 2513 452 2582 †
478 2512 493 2581 †
521 2511 744 2570 decemviralem
773 2529 855 2568 suam
880 2520 1052 2586 potestatem
1082 2510 1154 2588 [sui]

255 2591 291 2647 ab
313 2591 364 2648 illo
386 2592 569 2649 constitutam
589 2592 773 2648 sustulertmt.
815 2590 881 2656 Quo
902 2590 1000 2647 dolore
1017 2590 1155 2646 incensus

255 2669 319 2726 iniit
346 2669 478 2739 consilia,
506 2688 593 2745 reges
621 2669 905 2727 Lacedaemoniorum
928 2669 1040 2726 tollere.
1094 2667 1156 2726 Sed

255 2747 407 2816 sentiebat,
434 2747 465 2804 id
486 2767 519 2804 sa
542 2747 606 2806 sine
632 2767 688 2824 ope
715 2748 834 2805 deorum
854 2747 952 2804 facere
974 2765 1033 2804 non
1058 2765 1156 2823 posse,

254 2825 330 2898 quod
355 2825 569 2882 Lacedaemonii
593 2827 690 2884 omnia
710 2825 746 2883 ad
766 2827 883 2883 oracula
902 2826 1011 2882 referre
1034 2843 1157 2882 consue·

215 2908 364 2960 2verant.
419 2904 548 2962 Primum
576 2904 708 2981 Delphos
742 2921 923 2978 corrumpere
952 2913 998 2960 est
1025 2883 1205 2982 conatusef

257 2981 353 3047 Quum
374 2981 404 3038 id
424 3001 483 3040 non
503 2982 655 3059 potuisset,
670 2983 822 3040 Dodonam
843 2981 957 3038 adortus
979 2990 1034 3037 est.
1076 2981 1156 3039 Hinc

255 3078 367 3134 quoque
392 3062 524 3136 repulsus
553 3061 633 3132 dixit,
656 3081 689 3118 sc
708 3072 774 3118 vota
797 3059 974 3134 suscepisse,
1001 3077 1065 3131 quae
1091 3060 1158 3118 Jovi

256 3137 412 3196 Hammoni
433 3141 576 3198 solveret:
599 3141 778 3208 existimans,
798 3157 830 3195 se
852 3137 937 3195 Afros
958 3137 1073 3194 facilius
1095 3157 1158 3195 cor·

216 3221 234 3274 3
255 3226 408 3290 rupturum.
451 3219 516 3276 Hac
531 3238 582 3294 spe
603 3237 690 3294 quum
708 3217 853 3294 profectus
875 3227 954 3274 esset
974 3217 1005 3274 in
1020 3215 1158 3288 Africam,

255 3295 373 3352 multum
400 3315 465 3354 eum
489 3298 631 3355 antistites
655 3299 735 3356 Jovis
763 3295 934 3354 fefellerunt.
996 3295 1074 3354 Nam
1099 3314 1159 3354 non

256 3373 350 3430 solum
374 3375 516 3451 corrumpi
536 3395 594 3433 non
615 3385 775 3452 potuerunt,
790 3375 843 3432 sed
858 3375 946 3432 etiam
966 3375 1079 3452 legatos
1103 3373 1158 3431 La·

256 3451 423 3510 cedaemona
442 3455 590 3524 miserunt,
611 3455 660 3530 qui
681 3454 864 3531 Lysandrum
883 3464 1063 3524 accusarent,
1083 3452 1158 3528 quod

217 3537 233 3588 4
256 3531 423 3589 sacerdotes
438 3531 497 3589 fani
519 3551 701 3608 corrumpere
722 3544 841 3590 conatus
857 3543 946 3591 esset.
994 3533 1158 3590 Accusatus

277 3634 324 3680 sss¹
373 3610 430 3668 hoc
446 3611 575 3691 crimine,
585 3612 770 3687 judicumque
780 3612 927 3669 absolutus
936 3609 1159 3681 sententiis,Or·

252 3693 272 3723 ὓ
285 3683 310 3721 ⁰·
322 3694 344 3723 ¹¹·
375 3689 535 3747 chomeniis
544 3689 920 3760 missussubsidio,occisus
930 3700 975 3746 cst
984 3687 1158 3746 aThebanis

215 3769 235 3824 d
255 3767 331 3842 apud
356 3767 529 3826 Haliartum.
571 3767 667 3834 Quam
688 3785 756 3824 vere
778 3768 814 3825 do
839 3785 875 3824 eo
897 3767 970 3824 foret
989 3766 1157 3842 judicatum,
