2680 4304
289 401 331 460 or
472 395 596 460 xxm.
643 403 689 470 11,
709 403 756 460 ιι.
803 391 1009 478 (nannum.)
1075 357 1078 366 ’

245 555 262 604 5
283 567 390 626 easque
410 550 441 607 iu
455 567 526 606 vasa
539 547 641 606 fictilia
654 549 768 625 conjici.
811 548 928 606 Harum
946 567 1037 625 quum
1051 547 1191 610 coniecis-

282 638 326 686 set
351 645 487 707 magnam
510 627 733 698 multitudinem,
748 627 795 685 die
818 629 889 704 ipso,
904 645 962 704 quo
982 626 1115 686 facturus
1128 639 1190 688 erat

282 707 387 765 navale
412 706 558 784 proelium,
573 705 738 764 classiarios
761 717 910 776 convocat,
925 707 1029 783 hisque
1049 708 1191 784 precipit,

281 803 381 844 omnes
395 786 470 844 utin
485 803 574 843 unam
595 784 737 843 Eumenis
750 786 829 863 regis
846 795 1022 844 concurrant
1042 803 1192 856 navem,a

281 866 386 922 ceteris
409 874 522 923 tantum
546 865 616 922 satis
637 864 762 922 habeant
785 884 818 922 se
839 863 1005 922 defendere.
1045 863 1078 922 Id
1101 863 1191 923 facile

242 945 260 1001 6
281 943 346 1000 illos
359 945 535 1020 serpentium
549 943 733 1002 multitudine
751 953 968 1002 consecuturos.
1011 942 1076 1002 Rex
1091 953 1190 1002 autem

281 1023 310 1078 in
324 1041 383 1097 qua
396 1041 471 1080 nave
485 1023 697 1093 veheretur‚·ut
718 1023 837 1092 scirent,
852 1042 884 1080 se
910 1021 1078 1095 facturum3
1100 1041 1192 1098 quem

280 1102 305 1158 si
319 1111 369 1159 aut
383 1103 534 1178 cepissent,
550 1112 600 1160 aut
621 1101 841 1171 interfecissent,
858 1119 965 1178 magno
978 1101 1023 1159 his
1037 1101 1191 1178 pollicetur

281 1181 399 1256 praemio
412 1179 483 1238 fora.

242 1260 256 1314 l
321 1259 372 1318 XI.
395 1259 464 1316 Tali
478 1259 671 1318 cohortatione
686 1259 811 1316 militum
832 1256 921 1329 facta,
935 1257 1038 1316 classis
1052 1257 1090 1315 ab
1104 1259 1192 1316 utris-

279 1355 337 1412 quc
362 1340 392 1395 in
416 1337 552 1414 proelium
577 1337 741 1396 deducitur.
783 1336 919 1402 Quarum
940 1337 1004 1394 acie
1023 1338 1192 1408 constituta,

281 1417 449 1492 priusquam
463 1417 579 1494 signum
601 1435 707 1494 pugnae
720 1416 847 1486 daretur,
862 1414 1020 1484 Hannibal,
1036 1425 1069 1473 ut
1090 1416 1192 1492 palam

282 1493 390 1553 faceret
413 1495 484 1565 suis,
509 1513 567 1571 quo
594 1495 657 1553 loco
679 1495 828 1552 Eumenes
849 1503 925 1551 esset
946 1493 1131 1552 tabellarium
1159 1496 1192 1551 in

241 1575 259 1628 2
280 1575 389 1650 scapha
410 1593 480 1633 eum
500 1574 629 1632 caduceo
649 1574 744 1631 mittit.
785 1573 847 1639 Qui
861 1573 912 1630 ubi
933 1571 969 1629 ad
982 1591 1073 1630 naves
1087 1573 1191 1630 adver-

279 1653 421 1710 sariorum
449 1653 588 1728 pervenit,
616 1653 823 1728 epistolamque
850 1651 1001 1708 ostendens
1028 1670 1059 1708 se
1088 1669 1192 1728 regern

281 1730 426 1807 professus
449 1741 493 1789 est
514 1749 653 1806 quaerere,
679 1732 775 1788 statim
800 1730 837 1786 ad
859 1729 1023 1788 Eumenem
1045 1728 1193 1790 deductus

237 1867 239 1872 ,
280 1819 332 1878 est,
346 1810 422 1885 quod
436 1809 686 1878 nemodubitabat‚
702 1809 812 1885 aliquid
825 1808 861 1866 de
875 1827 947 1884 paee
956 1827 1019 1866 esse
1033 1809 1190 1885 scriptum.

280 1886 476 1956 Tabellarius,
503 1888 587 1945 ducis
614 1905 688 1945 nave
709 1887 857 1945 declarata
879 1888 950 1956 suis,
972 1886 1083 1956 eodonn
1110 1887 1193 1946 unde

241 1967 259 2020 3
280 1965 361 2035 ierat,
375 1984 407 2022 se
422 1966 541 2041 recepit.
583 1966 625 2023 At
639 1965 797 2035 Eumenes,
812 1966 906 2024 soluta
919 1965 1048 2041 epistola,
1063 1965 1135 2022 nihil
1157 1967 1192 2025 in

279 2061 314 2100 ea
342 2045 457 2119 reperit,
478 2045 534 2100 nisi
562 2044 638 2120 quod
662 2045 697 2102 ad
720 2044 899 2102 irridendum
924 2063 991 2102 eum
1018 2045 1189 2120 pertineret.

278 2121 372 2198 Cujus
385 2123 438 2180 etsi
453 2141 573 2180 causam
584 2123 752 2193 mirabatur,
762 2142 857 2200 neque
872 2122 1079 2199 reperiebatur,
1089 2133 1191 2180 tamen

239 2203 258 2256 4
279 2202 415 2277 proelium
429 2202 525 2258 statim
545 2203 724 2261 committere
742 2220 799 2260 non
823 2202 974 2260 dubitavit.
1016 2200 1132 2260 Horum
1156 2203 1191 2260 in

278 2299 424 2338 concursu
438 2280 559 2356 Bithyni
583 2279 760 2339 Hannibalis
780 2291 923 2357 praeccpto
937 2281 1066 2338 universi
1080 2299 1190 2339 navem

278 2359 420 2418 Eumenis
435 2360 614 2417 adoriuntur.
647 2359 781 2426 Quorum
796 2361 856 2416 vim
871 2378 922 2423 rex
936 2377 1028 2436 quum
1042 2361 1189 2418 sustinere

277 2456 333 2496 uon
356 2450 458 2516 posset,
474 2437 545 2516 fuga
566 2439 690 2497 salutem
713 2440 810 2516 petiit:
830 2457 918 2513 quam
941 2448 1115 2497 consecutus
1128 2458 1189 2498 non

277 2528 359 2588 esset,
375 2520 430 2576 nisi
445 2520 520 2576 intra
529 2537 583 2576 sua
597 2519 731 2595 praesidia
744 2538 776 2576 se
791 2518 956 2594 recepisset,
966 2535 1033 2592 quoe
1046 2518 1077 2574 in
1091 2520 1187 2593 proxi-

237 2597 256 2650 5
277 2615 323 2654 mo
343 2597 426 2656 litore
440 2605 523 2655 erant
544 2599 697 2656 collocata.
740 2597 873 2672 Reliquae
887 2596 1075 2672 Pergamenae
1095 2615 1187 2654 naves

276 2695 368 2752 quum
382 2676 562 2734 adversarios
576 2686 740 2752 premerent
754 2677 861 2746 acrius,
877 2684 994 2752 repente
1005 2675 1035 2731 in
1050 2693 1100 2732 eas
1114 2693 1187 2734 vasa

275 2754 384 2824 fictilia,
413 2755 448 2811 de
475 2755 581 2830 quibu's
607 2775 697 2831 supra
724 2756 899 2814 mentionem
923 2753 1056 2822 fecimus,
1079 2754 1186 2830 conjici

275 2843 371 2908 coepta
385 2843 462 2890 sunt.
504 2833 581 2898 Quae
592 2834 672 2910 jacta
693 2835 774 2892 initio
789 2835 880 2890 risum
904 2833 1101 2910 pugnantibus
1116 2851 1184 2889 ecn-

235 2911 254 2966 6
275 2912 410 2980 eitarunt,
425 2929 530 2986 neque,
545 2931 635 2986 quare
650 2912 678 2968 id
693 2913 784 2982 fieret,
806 2923 916 2988 poterat
929 2912 1063 2987 intelligi.
1105 2909 1183 2968 Post-

274 3009 361 3067 quam
376 3001 472 3047 autem
487 3008 576 3047 naves
590 2991 748 3066 completas
762 3001 975 3068 conspexerunt
989 2990 1183 3066 serpentibus,

273 3087 349 3127 nove
364 3087 396 3125 re
411 3069 562 3144 perterriti,
577 3087 677 3144 quum,
693 3070 763 3146 quid
783 3071 963 3146 potissimum
977 3070 1110 3137 vitarent,
1125 3086 1183 3126 non

274 3148 413 3216 viderent,
429 3165 538 3224 puppes
552 3159 728 3218 averterunt,
738 3169 827 3225 seque
842 3149 878 3208 ad
893 3158 1051 3206 suacastra
1064 3148 1183 3204 nautica

234 3229 248 3283 'a
274 3227 446 3285 retulerunt.
479 3227 529 3285 Sic
545 3227 692 3285 Hannibal
708 3230 828 3286 consilio
839 3247 920 3286 arma
935 3226 1183 3304 Pergamenorum

273 3308 437 3382 superavit:
459 3325 553 3383 neque
567 3318 629 3365 tum
644 3309 747 3378 solum,
758 3308 808 3370 sed
822 3327 898 3383 saepe
913 3307 987 3364 alias
1001 3305 1182 3382 pedestribus

273 3385 363 3461 copiis
378 3387 440 3462 pari
454 3387 606 3463 prudentia
620 3388 730 3464 pepulit
744 3387 933 3445 adversarios.

237 3468 249 3521 l
314 3464 380 3522 Xll.
403 3464 479 3530 Quae
492 3466 562 3524 dum
577 3468 606 3524 in
622 3468 696 3524 Asia
710 3477 861 3544 geruntur,
877 3464 983 3522 accidit
997 3481 1079 3532 casu,
1095 3471 1127 3520 ut
1141 3461 1180 3518 le·

272 3545 332 3621 gati
360 3544 470 3603 Prusias
498 3545 598 3604 Romoe
626 3547 702 3622 apud
730 3545 767 3604 L.
794 3545 947 3611 Quintium
971 3542 1180 3610 Flamininum,

272 3625 465 3694 consularem,
477 3635 636 3692 caecarent,
647 3635 733 3700 atque
747 3625 796 3694 ibi,
808 3625 843 3682 de
858 3622 1025 3682 Hannibale
1035 3621 1179 3678 mentione

274 3701 359 3775 laeta,
374 3721 411 3760 ex
435 3704 480 3760 his
495 3721 571 3761 uuus
592 3704 710 3772 diceret,
725 3721 792 3761 eum
816 3704 847 3760 in
869 3703 980 3760 Prusiae
1001 3718 1092 3776 regno
1104 3717 1178 3756 esse.

233 3783 253 3838 i
273 3779 306 3838 ld
327 3792 438 3858 postero
451 3782 497 3839 die
511 3781 696 3840 Flamininus
709 3783 822 3840 senatui
842 3781 955 3840 detulit.
998 3779 1100 3838 Patres
1113 3795 1179 3836 con·
