2692 4306
268 355 310 416 88
592 347 651 412 ΙΧ.
685 349 842 450 Ι(Οοηοη.)

230 501 240 558 1
303 497 361 556 lll.
402 495 469 554 Hoc
478 495 592 572 dejecto
602 494 763 552 Pausanias
777 493 857 552 venit
870 491 976 550 Atticis
990 491 1169 564 auritium

265 574 557 635 Lacedaemoniorum.
599 573 630 631 Is
653 573 729 630 inter
749 570 964 647 Thrasybulum
985 580 1015 628 et
1038 589 1101 641 eos,
1120 571 1171 646 qui

263 655 363 712 urbem
375 654 521 722 tenebant,
539 651 610 708 fecit
622 669 726 726 pacem
749 649 796 708 his
811 649 1041 708 conditionibus:
1062 668 1101 707 ne
1120 651 1171 725 qui

263 741 366 808 praeter
385 731 503 806 triginta
515 741 652 806 tyrannos
668 740 697 786 et
718 729 831 798 decem,
844 728 894 802 qui
914 737 1018 803 postea
1031 738 1169 803 praetores

264 810 355 866 creati
368 808 526 884 superioris
540 826 619 864 more
634 807 812 865 crudelitatis
826 816 908 864 erant
920 805 976 876 usi,
988 806 1171 864 afficerentur

263 887 386 957 exsili03
407 907 481 944 neve
495 886 810 962 bonapublicarentur;
831 884 997 960 reipublicae
1006 885 1171 960 procuratio

225 971 242 1024 2
263 967 369 1042 populo
382 966 558 1044 reqlderetur.
600 965 774 1022 Praeclarum
786 963 842 1022 hoc
856 981 967 1037 quoque
982 962 1169 1038 Thrasybuli,

294 1077 331 1116 tea
381 1044 465 1118 quod,
479 1042 667 1100 reconciliata
685 1061 769 1118 pace,
783 1061 868 1116 quum
881 1041 1034 1116 plurimum
1053 1041 1084 1098 in
1099 1041 1170 1100 civi-

262 1136 277 1166 *
296 1126 321 1166 ⁰·
334 1136 355 1166 ¹¹·
381 1133 438 1180 tate
462 1131 572 1197 posset,
587 1122 684 1196 legem
706 1120 787 1178 tulit:
819 1139 857 1178 ne
880 1119 945 1194 quis
960 1129 1026 1176 ante
1041 1129 1170 1177 actarum

136 1263 138 1272 ,
262 1219 357 1258 rerum
379 1210 573 1270 accusaretur,
586 1218 662 1256 neve
685 1200 868 1268 multaretur;
893 1216 1014 1272 eamque
1038 1197 1082 1254 illi
1096 1198 1170 1255 obli·

165 1345 168 1351 ,
224 1283 241 1336 3
263 1280 357 1337 vionis
372 1280 559 1356 appellarunt.
601 1277 705 1351 Neque
719 1295 788 1334 vero
808 1275 884 1334 hanc
897 1287 1006 1333 tantum
1019 1275 1170 1334 ferendam

263 1358 382 1428 curavit,
396 1358 450 1415 sed
471 1358 566 1426 etiam,
580 1366 610 1414 ut
630 1357 748 1425 valeret,
769 1355 877 1412 effecit.
918 1355 995 1412 Nam
1008 1373 1094 1428 quum
1107 1356 1169 1429 qui·

263 1437 330 1494 dam
343 1455 381 1494 ex
394 1436 451 1506 his,
465 1435 512 1510 qui
528 1435 613 1492 simul
629 1453 695 1492 cuin
709 1453 744 1492 eo
758 1434 789 1491 in
802 1433 907 1491 exsilio
921 1433 1042 1502 fuerant,
1057 1433 1169 1492 coedem

263 1515 360 1572 facere
375 1533 473 1572 eorum
483 1515 601 1583 vellent,
611 1533 676 1570 cum
689 1513 790 1588 quibus
805 1513 837 1569 in
847 1512 968 1588 gratiam
976 1511 1098 1569 reditum
1107 1523 1169 1570 erat

262 1594 387 1670 publice,
401 1593 553 1668 prohibuit,
567 1602 597 1650 et
610 1592 649 1662 id,
663 1591 738 1666 quod
752 1591 897 1667 pollicitus
912 1601 982 1660 erat,
996 1590 1136 1666 proestitit.

226 1677 239 1732 1
303 1672 357 1730 IV.
399 1672 477 1729 Huic
492 1690 543 1747 pro
557 1672 643 1728 tantis
657 1671 767 1728 meritis
782 1669 898 1727 honoria
914 1688 1020 1727 corona
1030 1689 1048 1726 a
1061 1670 1168 1744 populo

262 1751 329 1810 data
350 1761 404 1821 est,
425 1750 501 1810 facta
522 1749 631 1808 duabus
658 1749 778 1826 virgulis
802 1748 956 1826 olcaginis,
983 1767 1068 1823 quam
1091 1749 1168 1823 quod

264 1849 343 1888 amor
351 1830 468 1898 civium,
477 1829 587 1890 nonvis
597 1829 1009 1905 expresserat,nullamhabuit
1019 1828 1167 1899 invidiam,

224 1914 241 1968 2
262 1926 422 1983 magnaque
446 1907 499 1964 fuit
522 1907 622 1981 gloria.
677 1907 759 1964 Bene
784 1925 854 1982 ergo
879 1907 1008 1965 Pittacus
1032 1907 1094 1977 ille,
1118 1907 1167 1981 qui

263 1997 375 2062 septem
388 1985 551 2061 sapientum
563 2003 681 2042 numero
695 1995 741 2042 est
761 1984 885 2056 habitus,
899 2005 985 2060 quum
999 1985 1028 2044 ci
1048 1986 1167 2060 Mytile-

262 2065 319 2122 noei
340 2064 428 2122 multa
451 2063 532 2122 milia
552 2064 685 2140 jugerum
706 2063 768 2139 agri
790 2083 910 2121 munera
930 2064 1040 2135 darent,
1060 2065 1167 2134 Nolite,

262 2163 310 2200 ore
323 2163 381 2212 ves,
395 2142 494 2216 inquit,
508 2143 539 2199 id
550 2144 618 2199 milti
630 2143 705 2213 clare,
719 2143 791 2218 quod
809 2143 890 2200 multi
909 2144 1059 2213 invideant,
1069 2143 1169 2220 plures

262 2224 345 2280 etiam
366 2223 567 2298 concupiscent.
611 2221 704 2288 Quare
724 2241 757 2278 ee
778 2223 844 2279 istis
863 2223 925 2279 nolo
944 2222 1071 2298 amplius,
1085 2241 1169 2296 quem

263 2311 369 2358 centum
385 2301 498 2376 jugera,
512 2321 570 2376 que
585 2311 612 2356 et
634 2320 722 2357 meam
734 2301 821 2357 animi
832 2303 986 2376 equitatem
1007 2311 1034 2356 et
1046 2310 1168 2357 vestram

262 2380 429 2437 veluntatem
450 2380 579 2436 indicent.
621 2379 699 2436 Nam
712 2397 800 2454 parva
812 2397 931 2436 munere
955 2379 1073 2448 diutina,
1086 2379 1168 2436 locu·
1207 2414 1210 2420 ·

225 2462 241 2516 3
262 2458 352 2534 pletia
364 2477 423 2516 non
435 2458 550 2534 propria
563 2476 631 2514 esse
642 2467 862 2514 consueverunt.
891 2457 947 2514 Illa
960 2457 1046 2532 igitur
1060 2475 1168 2514 corona

263 2547 414 2594 contentus
435 2536 634 2611 Thrasybulus
648 2555 742 2610 neque
757 2535 879 2610 amplius
894 2536 1051 2608 requisivit,
1071 2554 1166 2609 neque

225 2619 241 2671 t
262 2633 431 2689 quemquam
454 2615 563 2672 honore
589 2633 623 2670 se
645 2613 842 2671 antecessisse
868 2613 1053 2671 existimavit.
1106 2613 1167 2671 Hic

263 2694 395 2766 sequenti
419 2704 557 2768 tempore,
578 2711 663 2766 quum
690 2687 792 2767 praeter
817 2692 943 2750 classem
968 2692 1005 2749 ad
1030 2692 1168 2750 Ciliciam

263 2771 431 2846 appulisset,
441 2789 535 2843 neque
550 2771 621 2827 satis
636 2770 791 2846 diligenter
804 2771 835 2828 in
849 2771 953 2828 castris
967 2771 1031 2847 ejus
1046 2787 1168 2846 egeren-

286 2879 325 2919 Μ
380 2858 426 2906 tur
437 2849 554 2924 vigiliae,
569 2868 586 2906 a
598 2849 736 2919 barbaris,
748 2868 785 2906 ex
796 2849 902 2926 oppido
915 2859 1003 2908 noctu
1016 2848 1168 2926 eruptione

261 2938 283 2971 ι
294 2927 320 2969 ⁰·
332 2937 354 2970 ¹·
380 2925 466 2997 lecte,
480 2927 511 2984 iu
523 2928 707 2984 tabernaculo
721 2928 889 2986 interfectus
904 2937 958 2986 est.

504 3266 605 3342 -IX.
659 3265 888 3342 CONON

558 3502 869 3562 ARGUMENTUM.

265 3615 411 3697 eret.
451 3634 653 3712 Potentem
667 3635 735 3692 euzo
750 3635 814 3691 em
827 3633 1090 3710 martinensem.
1121 3629 1166 3692 11,

306 3715 397 3772 Eeeul
417 3714 520 3772 Persis
533 3715 599 3770 usui
618 3724 661 3770 est
681 3713 815 3769 adversus
829 3711 1061 3768 Lceedoemcnies.
1107 3709 1161 3769 ΙΙΙ
