2664 4296
276 339 281 349 ·
408 327 500 394 xvi
545 336 620 404 as.
666 329 875 416 (Pelopidas.)
1050 337 1092 400 aa

188 481 384 558 bertetemque
397 491 508 553 vocato,
522 501 581 542 non
601 482 696 542 solum
720 485 772 561 qui
790 485 822 542 iu
843 485 916 544 urbe
936 493 1029 556 erant,
1042 483 1095 544 sed

185 561 273 620 etiam
287 559 415 637 undique
429 577 466 618 ex
480 561 559 638 agris
578 573 798 633 concurrerunt,
820 562 986 640 praesidium
1000 561 1093 623 Lace

184 638 391 698 daemoniorum
405 658 442 697 ex
456 657 524 698 arce
541 641 731 777 pepulerunt,
745 643 871 718 patriam
891 641 1038 702 obsidione
1058 642 1092 702 li·
1150 711 1155 720 ‚

184 717 370 790 beraverunt,
385 728 519 777 auctores
567 719 677 778 admete
689 720 868 796 occupandoe
890 721 996 799 partim
1015 722 1092 780 occi·

182 795 297 866 derunt,
312 797 416 874 partim
430 797 459 854 in
474 797 610 856 exsilium
625 799 784 874 ejecerunt.

221 874 277 935 tv.
299 874 365 934 Hoc
378 884 438 935 tam
451 875 566 935 turbido
579 885 716 954 tempore,
731 879 808 936 sicut
828 895 919 954 supra
932 875 1091 949 docuimus,
1117 881 1130 940 l

182 951 408 1031 Epaminondas,
423 954 517 1031 quood
531 973 600 1013 cum
613 956 728 1014 civibus
751 955 923 1014 dimicatum
948 965 1001 1026 est,
1015 955 1093 1016 domi

180 1034 299 1108 quietus
314 1031 378 1090 suit.
419 1032 521 1110 ltaque
535 1033 599 1092 haec
613 1033 831 1093 liberandarum
843 1034 1013 1094 Thebarum
1027 1054 1092 1110 prc-

180 1112 245 1188 pria
269 1111 336 1169 laus
356 1119 399 1168 eet
423 1111 585 1189 Pelopidoe:
606 1123 713 1172 cetera
734 1113 795 1172 scre
808 1131 909 1172 omnes
922 1131 1093 1172 communes

180 1207 251 1247 cum
264 1188 475 1266 Epaminonda.
517 1189 655 1267 Namque
675 1191 833 1251 Leuctrica
846 1210 955 1269 pugna,
969 1192 1092 1269 impera·
1112 1197 1131 1252 Ω

180 1276 244 1324 tore
257 1266 468 1343 Epaminonda,
482 1269 532 1327 hic
546 1267 601 1327 fnit
619 1269 680 1328 dux
694 1269 814 1328 delectae
827 1288 942 1340 manus,
955 1288 1022 1346 quae
1035 1271 1092 1350 pri-

182 1363 233 1402 ma
243 1343 419 1420 phalangem
431 1347 586 1421 prostravit
598 1345 762 1404 Laconum.
792 1347 938 1406 Omnibus
951 1357 1093 1423 praeterea
1113 1352 1132 1408 3

184 1419 328 1498 periculis
341 1420 432 1478 affuit.
472 1423 557 1480 Sicut
570 1423 706 1498 Spartam
719 1441 810 1500 quum
822 1426 1009 1501 oppugnavit,
1024 1426 1093 1484 alte·

186 1515 256 1556 rum
269 1497 363 1556 tenuit
376 1516 484 1557 cornu:
505 1518 620 1576 quoque
641 1500 778 1560 Messena
790 1502 917 1560 celerius
930 1503 1093 1561 restituere·

185 1585 245 1647 tur,
260 1575 377 1654 legatus
389 1576 419 1634 in
433 1575 537 1636 Persas
550 1589 602 1656 est
616 1577 774 1655 profectus.
815 1577 952 1655 Denique
965 1579 1028 1638 haeo
1043 1579 1097 1640 luit

183 1655 279 1714 altera
290 1671 416 1733 persona
430 1655 549 1727 Thebis,
563 1657 613 1716 sed
634 1667 733 1716 tamen
746 1657 879 1718 secunda
891 1658 942 1729 ita,
958 1667 990 1718 ut
1002 1660 1095 1736 proxi-

179 1752 230 1792 ma
243 1743 321 1792 esset
334 1732 554 1810 Epaminondae.
573 1787 575 1792 .

218 1811 259 1870 V.
281 1812 471 1874 Conflictatus
484 1824 635 1874 autemest
648 1833 718 1874 cum
728 1815 850 1876 adverse
863 1813 990 1876 fortuna.
1011 1816 1092 1878 Nam
1115 1821 1131 1876 l

176 1901 206 1950 et
218 1892 311 1962 initio,
326 1892 403 1952 sicut
415 1893 602 1964 ostendimus,
617 1894 703 1954 exsul
720 1896 813 1972 patria
827 1895 933 1966 caruit,
947 1905 985 1966 et,
1000 1915 1092 1973 quum

176 1969 362 2030 Thessaliam
375 1972 406 2030 in
419 1982 588 2050 potestatem
598 1972 805 2033 Thebanorum
814 1984 936 2052 cuperet
947 1975 1090 2054 redigere,
1212 1997 1219 2004 ·

176 2047 388 2127 legationisque
406 2052 474 2128 jure
498 2053 570 2112 satis
593 2061 703 2112 tectum
726 2073 759 2112 se
784 2054 986 2125 arbitraretur,
1014 2055 1091 2130 quod

175 2128 1092 2286 {litterati-'tt'.tt”tllt.tt⁰..tttti·.⁸.tt.ttltttlt

176 2286 297 2345 vinnula
309 2286 459 2362 conjectus
473 2297 527 2346 est.
559 2287 651 2345 Hunc
665 2287 884 2364 Epaminondas
898 2289 1090 2362 recuperavit,
1110 2293 1129 2347 2

176 2363 253 2422 bello
273 2381 452 2442 persequens
474 2365 692 2422 Alexandrum.
733 2363 802 2420 Post
823 2364 853 2421 id
878 2363 989 2421 factum
1009 2383 1092 2422 num.

176 2461 267 2517 quam
287 2443 314 2500 is
328 2441 425 2499 animo
437 2441 552 2517 placari
566 2441 659 2516 potuit
670 2442 710 2506 ,in
723 2459 802 2510 eum,
817 2460 836 2497 a
848 2458 908 2515 quo
921 2451 985 2498 erat
1005 2442 1091 2502 viola·

176 2529 237 2578 tue.
277 2519 381 2594 ltaque
402 2518 547 2594 persuasit
560 2517 720 2588 Thebanis,
736 2527 769 2576 ut
782 2517 910 2576 subsidio
932 2518 1093 2582 Thesseliae

180 2596 448 2672 proficiscerentur,
469 2604 667 2671 tyrannosque
688 2597 753 2673 ejus
767 2596 955 2674 expellerent.
997 2598 1090 2677 Cujus
1110 2607 1128 2662 8

181 2671 253 2730 belli
278 2689 371 2748 quum
391 2673 420 2730 ei
444 2691 561 2732 summa
573 2685 649 2732 esset
670 2675 746 2746 date,
761 2694 854 2752 eoque
875 2695 944 2736 cum
957 2681 1088 2742 exercitu

180 2748 331 2828 proiectus
339 2761 423 2822 esset,
433 2769 492 2810 non
506 2749 654 2824 dubitavit,
662 2753 750 2814 simtd
761 2773 797 2813 cc
805 2758 953 2834 conspexit
966 2759 1086 2832 hostem,

179 2829 349 2907 confligere.
384 2828 418 2890 ln
432 2848 491 2908 quo
503 2832 606 2908 proelio
615 2833 818 2894 Alexandrum
829 2845 861 2894 ut
874 2837 1086 2910 animadvertit,
1108 2844 1127 2898 t

175 2909 316 2968 incensus
338 2909 384 2968 ira
409 2929 518 2988 equum
542 2912 573 2970 in
587 2930 655 2970 eum
669 2915 834 2987 concitavit,
857 2917 1017 2992 proculque
1038 2917 1086 2975 de·

173 3005 294 3066 pessus
308 3007 326 3047 a
338 2990 401 3048 suis
413 2990 548 3067 conjectu
562 2991 685 3050 telorum
699 2993 850 3053 confossus
863 2995 1000 3054 concidit.
1033 2995 1086 3053 At-

173 3085 232 3144 que
254 3068 310 3127 hoo
329 3069 459 3128 secunda
473 3071 596 3130 victoria
615 3072 737 3132 accidit:
761 3089 832 3132 nam
855 3073 916 3150 jem
939 3072 1087 3132 inclinate

172 3155 257 3206 erant
278 3157 470 3224 tyrannorum
485 3169 520 3208 co
540 3150 586 3208 ier.
627 3150 696 3217 Quo
719 3150 796 3211 facto
808 3170 910 3210 omnes
925 3149 1124 3210 Thessalica

171 3225 305 3284 civimtes
318 3226 504 3286 intersectum
518 3170 683 3306 lelnpidam
697 3231 812 3289 coronis
825 3229 923 3288 aureis
937 3237 966 3286 et
984 3228 1087 3288 statuis

171 3305 271 3376 meis,
285 3305 448 3388 liberosque
462 3307 529 3384 ejus
542 3309 633 3366 multo
647 3313 718 3390 'agro
731 3309 885 3368 donarunt.
