2692 4306
257 399 299 460 ot
496 391 585 458 XIV.
614 401 645 470 2,
661 399 691 457 3.
734 393 921 475 (Datames.)

218 547 232 602 l
294 542 336 602 ΙΙ.
376 540 445 600 Pari
465 559 499 600 se
513 540 616 600 viante
635 549 740 616 postea
758 540 887 617 prebuit,
900 558 987 617 quum
1000 538 1162 618 Autophra-

255 621 338 680 dates
347 619 433 697 jussu
439 619 519 696 regie
529 620 607 679 bello
619 629 842 695 persequeretur
849 637 912 690 eos,
922 618 971 694 qui
982 616 1156 678 defecerant

256 700 389 774 Namque
403 697 490 775 hujus
498 717 588 774 opera
595 697 706 768 hostes,
714 716 801 773 quum
814 707 911 756 casua
920 698 982 775 jam
994 697 1163 768 intrassent,

254 776 398 854 profligati
408 786 484 847 sunt,
495 775 697 850 exercitusque
710 775 838 851 reliquus
849 785 1037 834 concertatus
1053 775 1160 854 [regie]

216 861 234 914 2
256 867 320 927 est;
340 875 398 932 qua
411 873 449 913 ex
462 874 494 913 re
504 855 660 932 majoribus
673 855 760 913 rebus
773 872 901 930 praeesse
916 854 1003 930 coepit
1047 855 1115 912 Erat
1125 873 1163 912 eo

254 945 384 1012 tempore
408 933 664 1030 Thyusvdynaetes
687 932 903 1008 Paphlagonia,
917 894 1032 1020 antiqrio
1053 951 1162 1008 genere

137 1105 140 1114 ·
255 1012 651 1152 trtldlttzlzdl
664 1011 1164 1178 tiltlttdlltlslt:

219 1174 238 1229 3
259 1171 355 1238 Quam
367 1171 404 1228 ob
415 1188 533 1228 causam
545 1169 624 1228 bello
634 1187 701 1226 eum
709 1168 846 1244 persequi
854 1167 1011 1238 constituit,
1025 1186 1110 1242 erque
1118 1167 1163 1226 rei

256 1248 387 1325 prefecit
410 1248 572 1318 Batonem,
591 1247 781 1323 propinquum
801 1243 1019 1322 Paphlagonia3
1038 1263 1163 1320 numque

258 1345 297 1386 ex
309 1326 395 1386 fratre
410 1337 441 1385 ot
460 1344 558 1385 sorore
573 1336 655 1384 erant
677 1325 747 1384 nati.
788 1325 884 1392 Quam
903 1325 941 1382 ob
961 1341 1079 1382 causam
1103 1323 1164 1383 Da·

258 1415 350 1464 ames
363 1405 486 1482 primum
500 1404 626 1481 experiri
639 1405 737 1475 voluit,
749 1413 782 1462 ut
795 1403 860 1462 sine
874 1402 961 1461 armis
974 1401 1165 1480 propinquum

259 1485 296 1542 ad
318 1483 446 1543 officium
467 1483 630 1542 reduceret.
671 1483 718 1541 Ad
740 1500 826 1558 quem
848 1500 934 1558 quum
946 1481 1078 1540 venisset
1098 1481 1164 1540 sine

258 1563 403 1638 praesidio,
416 1562 492 1638 quod
505 1563 541 1620 ab
560 1561 654 1620 arnico
667 1561 763 1620 nullas
775 1571 923 1619 vereretur
935 1559 1068 1632 incidias,
1079 1577 1164 1637 pane

259 1641 377 1700 interiit.
407 1641 484 1700 Nam
497 1640 601 1719 Thyus
615 1659 683 1700 eum
696 1641 771 1698 clarn
784 1639 948 1698 interficere
961 1638 1061 1698 voluit.
1092 1639 1165 1698 Erat

221 1724 351 1778 lmater
378 1737 445 1778 cum
472 1719 604 1790 Datame,
632 1723 719 1776 amita
745 1717 953 1796 Paphlagonis.
1013 1717 1069 1787 Ea,
1095 1718 1165 1792 quid

222 1803 239 1856 5
260 1808 403 1874 ageretur,
416 1797 526 1868 resciit,
540 1797 685 1872 filiumque
699 1797 818 1855 monuit.
859 1798 914 1856 Ille
925 1795 994 1873 fuga
1003 1797 1165 1872 periculum

261 1875 387 1946 evitavit,
411 1875 575 1950 bellumque
601 1875 707 1933 indixit
732 1875 830 1951 Thyo.
871 1876 907 1934 ln
932 1893 989 1952 quo
1015 1893 1102 2012 quum
1128 1876 1165 1933 ab

260 1954 465 2024 Ariobarzane,
472 1953 609 2029 praefecto
618 1954 721 2030 Lydiae
729 1954 1009 2029 etioniaetotiusque
1044 1953 1165 2031 hrygiae,

261 2031 393 2090 desertus
417 2041 507 2103 essct,
530 2031 622 2090 nihilo
644 2032 764 2109 segnius
787 2033 993 2110 perseverarit,
1012 2031 1165 2110 virumque

261 2109 380 2186 Thyum
392 2109 473 2186 cepit
485 2129 550 2168 cum
563 2129 653 2169 uxore
667 2121 697 2170 et
709 2112 820 2170 liberie.

225 2194 238 2248 l
300 2189 359 2248 111.
400 2189 490 2266 Cujus
504 2189 625 2248 lactine
639 2190 718 2266 prius
732 2190 808 2248 sama
820 2190 856 2248 ad
869 2209 978 2266 regern,
991 2209 1077 2266 quam
1089 2191 1165 2268 ipse,

260 2266 433 2344 perveniret,
453 2267 534 2326 dedit
553 2286 679 2346 operam.
720 2270 820 2344 ltaque
840 2271 972 2327 omnibus
991 2269 1105 2341 insciis,
1119 2289 1166 2342 eo,

261 2346 311 2405 ubi
335 2355 397 2404 erat
418 2364 480 2418 rex,
493 2347 583 2419 venit,
602 2357 775 2423 posteroque
796 2347 845 2406 die
869 2348 996 2424 Thyum,
1018 2349 1167 2408 hominem

260 2425 379 2484 maximi
402 2426 532 2502 corporis
555 2426 732 2501 terribilique
755 2426 842 2497 facie,
866 2427 943 2502 quod
965 2437 996 2486 et
1017 2427 1111 2504 niger,
1136 2438 1167 2486 et

261 2504 368 2582 capillo
380 2505 468 2582 longo
480 2505 623 2581 barbaque
635 2515 697 2564 erat
709 2506 860 2582 promissa,
874 2504 982 2582 optima
990 2517 1073 2564 reete
1083 2507 1166 2580 texit,

261 2603 347 2660 quam
367 2594 490 2660 satrapa
510 2583 584 2660 regii
609 2603 712 2661 gerere
734 2595 964 2656 consueverant3
997 2585 1165 2661 ornaritque

262 2663 350 2720 etiam
362 2673 471 2738 torque,
485 2673 515 2722 et
534 2663 655 2721 armillis
669 2663 776 2734 aureis,
790 2673 945 2738 ceteroque
965 2664 1048 2740 regio
1067 2665 1165 2736 cultu,

222 2745 241 2798 2
262 2741 327 2818 ipse
336 2740 444 2816 agresti
452 2741 561 2816 duplici
570 2741 694 2799 amiculo
708 2741 900 2800 circumdatus
912 2741 1044 2817 hirtaque
1056 2743 1165 2816 tunice,

263 2837 368 2895 gerens
376 2818 409 2875 in
420 2819 514 2894 capite
523 2820 637 2894 galeam
643 2819 829 2890 venatoriam,
838 2820 939 2879 dextra
950 2839 1036 2879 manu
1044 2821 1163 2890 clavam.

263 2896 380 2954 sinistra
392 2897 535 2972 copulam,
549 2916 604 2972 qua
614 2898 741 2956 vinctum
751 2908 818 2956 ante
829 2918 863 2957 se
877 2898 995 2976 Thyum
1008 2901 1121 2976 agebat,
1134 2917 1167 2960 ut

224 2979 242 3033 3
263 2975 290 3033 si
303 2974 394 3032 seram
412 2975 536 3032 bestiam
552 2987 665 3053 captam
685 2977 814 3035 duceret.
855 2978 1050 3053 Quemquam
1063 2995 1166 3038 omnes

262 3053 462 3130 prospicerent
480 3064 596 3130 propter
608 3055 765 3114 novitatem
778 3055 893 3114 ornatis
913 3055 1095 3133 ignotamque
1110 3057 1167 3115 lor·

237 3157 241 3166 ·
262 3151 348 3202 mam,
357 3133 395 3190 ob
408 3151 528 3208 eamque
542 3152 603 3192 rem
615 3152 736 3210 magnus
751 3145 831 3192 esset
844 3153 1020 3194 concursus:
1041 3135 1095 3194 luit
1107 3153 1167 3195 uon

262 3229 357 3282 nemo,
371 3210 419 3286 qni
433 3222 605 3288 agnosceret
619 3212 872 3290 Thyum‚regique
885 3214 1038 3272 nuntiaret.
1067 3215 1167 3274 Primo

224 3295 243 3348 4
263 3308 322 3348 non
337 3290 504 3348 accredidit.
545 3291 644 3366 Itaque
659 3291 877 3351 Pharnabazum
884 3292 964 3350 misit
977 3294 1165 3368 exploratum.

264 3370 360 3443 Aquo
373 3379 404 3427 ut
426 3387 489 3428 rem
510 3380 621 3446 gestam
645 3371 793 3448 comperit,
817 3371 914 3428 statim
937 3371 1048 3428 admitti
1067 3371 1166 3448 jussit,

263 3464 437 3524 magnopere
459 3448 619 3506 delectatus
643 3467 729 3524 quum
752 3449 838 3520 facto,
859 3460 919 3506 tum
940 3460 1049 3520 ornatu,
1069 3450 1167 3526 impri-

262 3527 328 3598 mis,
341 3527 418 3603 quod
439 3527 545 3586 nobilis
559 3546 612 3586 rex
633 3529 666 3586 in
679 3538 850 3604 potestatem
862 3527 1022 3602 inopinanti
1036 3537 1165 3586 venerat.

225 3611 243 3663 b
263 3605 364 3682 Itaque
377 3607 530 3683 magnifice
545 3607 698 3666 Datamem
711 3607 845 3665 donatum
859 3607 896 3663 ad
907 3606 1066 3663 exercitum
1078 3605 1167 3676 misit,

263 3683 613 3822 pppltumAEontrplbebatur
621 3685 700 3774 ⁸duce
713 3685 940 3835 Pharntplbazouet
953 3683 1120 3774 Tithrauste
1130 3683 1167 3742 ad

323 3782 371 3822 um
421 3783 479 3840 gyp
501 3783 558 3834 um,
567 3781 685 3839 panqre
700 3781 801 3831 emma
830 3779 891 3819 uer
914 3779 1166 3836 os‚1mpenoesss
