2680 4304
292 366 403 432 XXV.
447 375 476 442 4,
493 374 522 430 5.
569 363 621 449 (Τ.
634 363 831 484 Pompopius
841 365 990 450 Atta’cus.)
1056 376 1099 434 99

181 521 260 580 enim
271 521 303 578 in
318 521 399 579 omni
413 521 616 597 procuratione
626 518 795 595 reipublice
803 529 931 578 actorem
940 530 1100 580 auctorem·

180 618 238 676 qua
263 600 422 658 habebant.
473 599 566 677 Igitur
587 601 713 676 primum
737 598 810 656 illud
833 617 941 658 munus
965 598 1138 671 tonaret

180 679 256 756 quod
272 680 303 736 in
318 697 355 736 aa
370 679 551 755 potissimum
562 679 634 748 urbe
648 687 735 736 natus
747 687 800 747 est,
809 678 840 734 iu
853 697 913 754 qua
919 677 1098 737 domicilium

179 759 258 816 orbis
271 767 421 815 terrarum
442 767 518 815 esset
531 758 655 834 imperii,
671 766 703 815 ut
720 757 853 814 eamdem
867 767 895 814 et
909 759 1034 835 patriam
1048 759 1098 816 ha-

179 839 262 896 beret
275 847 306 894 et
326 837 464 910 domum3
487 837 542 894 hoc
556 837 703 913 specimen
724 835 892 912 prudentiae,
906 835 991 913 quod,
1005 857 1098 914 quum

179 917 209 974 in
224 935 292 974 eam
311 935 344 973 se
357 917 507 974 civitatem
526 915 704 986 contulisset,
718 933 784 990 quae
801 916 980 991 antiquitate,
995 917 1097 974 huma·

179 997 280 1064 nitate,
295 995 430 1052 doctrina
444 1003 593 1072 praestaret
606 1013 715 1065 omnes,
731 1013 808 1054 unus
821 995 850 1052 ei
869 1004 936 1053 ante
950 995 1022 1053 alios
1036 995 1096 1053 lue·

179 1076 216 1132 rit
229 1075 414 1131 carissimus.

218 1151 274 1211 IV.
304 1152 375 1210 Huc
400 1171 437 1210 ex
466 1152 542 1210 Asia
569 1151 653 1210 Sulla
680 1151 824 1210 decedens
843 1170 935 1228 quum
959 1154 1094 1223 venisset,
1118 1158 1130 1212 l

178 1231 322 1308 quamdiu
349 1232 391 1288 ibi
419 1229 484 1301 suit,
513 1250 615 1290 secum
639 1232 741 1290 habuit
769 1231 969 1308 Pomponium,
992 1243 1095 1310 captus

178 1311 373 1369 adolescentis
386 1319 416 1369 et
428 1311 610 1368 humanitate
625 1320 654 1368 et
667 1310 808 1368 doctrina.
833 1309 884 1368 Sic
897 1311 976 1368 enim
990 1309 1095 1368 Graeca

179 1389 365 1465 loquebatur,
379 1399 412 1448 ut
431 1390 559 1448 Athenis
578 1399 666 1448 natus
682 1389 839 1448 videratur.
881 1387 980 1447 Tanta
995 1400 1095 1448 autem

167 1469 318 1525 suavitas
330 1478 392 1526 erat
410 1469 551 1527 sermonis
565 1467 674 1539 Latini,
695 1478 727 1526 ut
748 1477 911 1544 appareret,
930 1468 960 1524 io
974 1487 1009 1526 eo
1022 1469 1094 1526 nati-

183 1565 258 1603 vum
271 1545 423 1622 quemdam
435 1549 563 1624 leporem
578 1567 651 1617 esse,
666 1565 724 1605 non
738 1545 894 1604 adscitum.
935 1545 1017 1604 ldem
1031 1554 1094 1622 pod-

183 1634 265 1682 mata
277 1627 476 1701 pronuntiabat
490 1637 519 1685 et
542 1645 640 1704 graece
655 1636 684 1686 et
704 1627 793 1684 latine
807 1625 860 1693 sic,
875 1634 1009 1702 utsupra
1022 1625 1094 1683 nihil

179 1713 278 1780 posset
292 1703 369 1760 addi.
390 1705 506 1772 Quibus
520 1707 609 1764 rebus
620 1704 731 1763 sactum
741 1714 794 1774 est,
806 1715 839 1762 ut
851 1703 936 1762 Sulla
949 1723 1094 1780 nusquam
1114 1709 1133 1762 2

179 1783 279 1860 [eum]
304 1783 341 1840 ab
362 1803 395 1842 se
418 1785 582 1854 dimitteret,
610 1794 787 1861 cuperetque
808 1802 909 1842 secum
936 1782 1092 1842 deducere.
1146 1805 1148 1810 ·

178 1861 240 1926 Qui
254 1881 346 1938 quum
362 1863 538 1939 persuadere
552 1874 684 1934 tentaret,
698 1866 765 1935 noli,
785 1881 833 1921 oro
853 1873 888 1934 tc,
903 1863 996 1940 inquit
1010 1862 1091 1921 Pom-

177 1942 291 2018 ponius,
306 1943 458 2000 adversum
470 1961 517 2001 coa
530 1962 572 2002 me
586 1945 656 2002 velle
670 1945 779 2014 ducem,
794 1962 856 2000 cum
868 1943 968 2018 quibua
980 1963 1015 2002 ne
1029 1962 1091 2002 con-

177 2029 223 2077 tro
237 2029 264 2078 tc
274 2019 481 2098 arnrcferrem,
496 2019 608 2080 Italiam
622 2023 732 2098 reliqui.
763 2024 805 2080 At
819 2021 911 2093 Sulla,
926 2022 1090 2080 adolescen-

178 2099 216 2156 tis
237 2099 333 2159 officio
357 2100 531 2170 collaudato,
551 2102 649 2158 omnia
673 2120 794 2160 munera
817 2101 853 2171 ei,
875 2121 941 2178 quaa
965 2101 1091 2160 Athenis

179 2189 343 2256 acceperat,
368 2181 555 2262 proficiscens
572 2180 659 2256 jussit
680 2179 797 2238 deferri.
844 2179 903 2239 Hic
926 2181 1130 2256 compluresil

179 2275 270 2316 annos
283 2269 424 2329 moratus,
440 2278 530 2334 quum
544 2269 573 2318 et
595 2261 637 2318 rei
658 2259 795 2317 familiari
809 2268 920 2316 tantum
933 2277 1029 2334 operae
1042 2258 1090 2316 da-

179 2346 233 2406 ret,
257 2347 401 2413 quantum
425 2355 482 2396 non
503 2339 658 2417 indiligens
682 2339 800 2397 deberet
821 2336 1041 2413 paterfamilias,
1063 2347 1092 2394 et

177 2416 276 2473 omnia
296 2417 413 2493 reliqua
436 2427 565 2494 tempora
587 2429 637 2476 aut
660 2417 773 2488 litteris,
795 2425 846 2474 aut
866 2415 1090 2472 Atheniensium

178 2495 349 2571 reipublice
370 2496 518 2568 tribueret,
539 2496 727 2554 nihilominus
749 2496 851 2553 amicis
866 2495 979 2551 urbana
993 2493 1088 2552 officia

178 2575 320 2650 prestitit.
363 2575 443 2633 Nam
467 2586 496 2634 et
518 2576 554 2634 ad
576 2577 652 2634 comi
665 2577 693 2633 ia
716 2593 816 2632 eorum
831 2574 991 2642 ventitavit,
1007 2581 1044 2642 et,
1065 2573 1090 2630 si
1110 2577 1129 2631 4

178 2671 239 2728 qua
263 2672 310 2712 res
332 2655 425 2731 major
449 2665 516 2713 acta
539 2665 591 2726 est,
606 2671 663 2713 non
687 2653 794 2726 defuit;
817 2654 893 2712 siout
913 2651 1045 2710 Ciceroni
1060 2652 1091 2709 in

178 2731 313 2790 omnibus
327 2733 418 2810 [ejus]
434 2734 572 2810 periculis
584 2734 763 2811 singularem
777 2732 864 2792 fidem
878 2733 1017 2810 praebuit:
1040 2733 1090 2790 cui

179 2829 217 2867 ex
233 2813 327 2887 patria
341 2811 463 2888 fugienti
478 2813 564 2871 LLS.
580 2813 706 2872 ducenta
719 2823 749 2871 et
768 2813 979 2889 quinquaginta
996 2811 1090 2869 millia
1128 2880 1130 2886 y
1184 2879 1188 2888 ⁵

178 2888 305 2948 donavit.
362 2891 575 2968 Tranquillatis
599 2903 698 2951 autem
722 2893 809 2950 rebus
833 2891 980 2962 Romanis,
1005 2891 1088 2950 remi-
1110 2893 1129 2948 5

177 2970 274 3046 gravit
288 2969 421 3040 Romam,
433 2981 465 3029 ut
473 2973 582 3048 opinor,
594 2971 631 3030 L.
641 2972 724 3030 Cotta
732 2981 761 3030 et
775 2971 812 3030 L.
823 2971 970 3045 Torquato
978 2969 1087 3029 Consu·

178 3047 273 3106 libus:
294 3067 381 3124 quem
396 3050 473 3108 diem
481 3052 525 3110 sic
536 3053 672 3110 universa
683 3052 785 3108 civitas
794 3050 1017 3109 Atheniensium
1024 3064 1088 3127 pro-

178 3137 281 3185 secuta
294 3138 346 3198 est,
355 3137 388 3186 ut
401 3129 532 3188 lacrimis
542 3130 676 3188 desiderii
692 3129 781 3188 futuri
795 3129 922 3187 dolorem
936 3128 1086 3186 indicaret.

218 3205 258 3264 V.
281 3206 418 3266 Habebat
440 3210 619 3268 avunculum
643 3209 682 3275 Q.
698 3208 859 3278 Caecilium,
881 3208 1008 3283 equitem
1032 3207 1088 3266 Ro-
1111 3213 1126 3267 1

178 3303 308 3357 manum,
324 3285 499 3346 familiarem
513 3287 550 3346 L.
567 3288 696 3357 Luculli,
712 3288 838 3358 divitem,
854 3287 1025 3345 difficillima
1038 3306 1087 3345 na-

177 3375 261 3422 tura:
283 3365 370 3441 cujus
383 3367 427 3425 sio
441 3369 625 3444 asperitatem
641 3369 750 3426 veritus
770 3378 822 3438 est,
838 3376 879 3437 ut,
894 3385 981 3443 quem
1004 3385 1089 3425 nemo

177 3441 255 3501 serre
273 3454 378 3520 posset,
393 3446 482 3521 hujus
496 3446 557 3504 sine
571 3445 727 3504 offensione
740 3446 777 3505 ad
799 3465 944 3506 summam
958 3455 1088 3504 senectu-

175 3531 236 3579 tem
248 3523 402 3582 retinuerit
424 3525 664 3582 benevolentiam.
707 3525 775 3592 Quc
797 3524 874 3583 sacto
888 3524 954 3583 tulit
974 3525 1089 3600 pietatis

176 3598 318 3659 fructum.
360 3602 498 3662 Caecilius
511 3604 589 3660 euim
603 3603 728 3662 moriens
751 3612 922 3664 testamento
944 3601 1089 3677 adoptavit
1109 3609 1127 3662 2

175 3697 255 3752 eum,
270 3680 467 3758 heredemque
482 3677 551 3741 iecit
571 3701 607 3740 ex
622 3682 778 3742 dodrante:
799 3701 837 3740 ex
858 3699 918 3756 qua
931 3679 1088 3740 hereditate

174 3760 294 3838 accepit
306 3761 425 3820 circiter
438 3761 548 3820 centies
563 3759 650 3822 LLS.
693 3761 766 3820 Erat
787 3768 878 3836 nupta
891 3776 972 3815 soror
996 3758 1088 3824 Attici
1110 3765 1126 3822 8
