2692 4306
277 405 319 466 rr
489 396 612 461 xvru.
656 403 685 471 a,
700 404 730 460 4.
778 392 973 478 (umas.)

276 549 451 630 persuadere
465 549 593 609 Eumeni
607 549 726 620 studuit,
741 557 774 606 ut
794 547 965 606 Perdiccam
979 547 1135 620 desereret,
1151 567 1188 610 ao

236 633 256 686 o
276 649 377 690 secum
392 629 502 688 faceret
520 631 697 688 societatem.
739 628 841 694 Quum
864 626 1026 703 perducere
1040 646 1110 686 eum
1130 647 1189 688 non

276 719 378 786 possm,
393 709 557 767 interficere
571 718 692 768 cccmus
705 717 767 780 est;
789 717 818 765 et
833 705 958 776 fecisset,
973 707 1030 764 nisi
1043 708 1094 765 ille
1110 709 1189 767 clam

275 799 363 848 noctu
377 807 414 846 ex
428 788 569 865 proesidiis
582 788 647 865 ejus
660 787 818 864 effugisset.

238 871 253 926 1
315 865 368 926 lll.
391 867 511 926 Interim
525 869 650 925 conflata
664 877 732 925 sunt
751 867 803 924 illa
823 864 909 933 bella,
924 881 990 940 quae
1005 864 1040 922 ad
1062 865 1197 924 intemess

276 947 389 1006 cionem
413 956 475 1023 post
499 946 658 1003 Alexandri
682 956 803 1004 mortem
824 955 906 1020 gesta
930 953 1006 1013 sunt,
1028 963 1191 1021 omnesque

276 1034 487 1084 concurrerunt
507 1024 544 1083 ad
568 1024 737 1083 Perdiccam
751 1022 980 1102 opprimendum.
1021 1022 1120 1088 Quem
1134 1025 1190 1082 etsi

277 1105 424 1163 infirmum
439 1104 563 1174 videbat,
578 1104 654 1180 quod
669 1123 746 1162 unus
758 1104 893 1161 omnibus
910 1103 1049 1159 resistere
1064 1103 1190 1180 cogeba-

276 1194 333 1254 tur,
355 1193 453 1241 tamen
473 1185 602 1242 amicum
622 1201 679 1240 non
700 1183 835 1251 deseruit,
851 1199 946 1258 neque
969 1180 1082 1250 salutis,
1097 1199 1192 1257 quam

238 1262 353 1332 aridei,
370 1261 425 1321 fuit
438 1263 580 1342 cupidior.
622 1261 799 1320 Praelecerat
812 1279 880 1319 eum
896 1259 1051 1317 Perdiccas
1065 1261 1092 1317 ei
1113 1261 1192 1336 parti
1219 1316 1236 1334 ,

277 1341 367 1411 Asirc,
382 1361 449 1418 quae
473 1343 549 1399 inter
573 1341 708 1399 Taurum
723 1350 850 1398 montem
869 1339 960 1415 jacet'
971 1349 1058 1414 atque
1072 1338 1191 1397 Helles-

278 1430 407 1496 pontum,
420 1431 449 1479 et
471 1421 555 1478 illum
577 1439 669 1478 unum
682 1429 854 1496 opposuerat
877 1419 1030 1494 Europaeis
1051 1418 1191 1476 adversa-

278 1500 329 1557 riis
338 1519 347 1572 3
370 1501 432 1578 ipse
446 1500 608 1577 AEgyptum
622 1509 818 1576 oppugnatum
834 1497 975 1555 adversus
1000 1497 1192 1555 Ptolemaeum

239 1580 258 1635 3
278 1589 342 1638 erat
362 1577 518 1656 proiectus.
562 1578 711 1636 Eumenes
725 1595 816 1655 quum
831 1595 925 1652 neque
943 1595 1066 1653 magnas
1079 1579 1191 1653 copias,

277 1675 373 1735 neque
386 1659 486 1717 firmas
500 1658 628 1728 haberet,
640 1658 716 1734 quod
727 1667 756 1715 et
766 1656 971 1725 inexercitatae,
986 1665 1015 1713 et
1025 1673 1082 1712 uon
1097 1657 1193 1714 multo

278 1748 345 1796 ante
358 1747 442 1796 erant
454 1747 624 1809 contractae3
648 1735 804 1795 adventare
819 1743 915 1793 autem
930 1735 1096 1792 dicerentur
1116 1733 1191 1793 Hel-

278 1815 497 1892 lespontumque
521 1817 659 1874 transisse
685 1817 840 1892 Antipater
862 1824 891 1872 et
907 1813 1054 1872 'Craterus
1082 1831 1193 1892 magno

278 1911 347 1952 cum
361 1895 492 1952 exercitu
507 1892 709 1965 Macedonum,
724 1897 780 1954 viri
794 1913 886 1971 quum
900 1893 1042 1963 claritate,
1057 1902 1120 1950 tum
1132 1912 1192 1951 usu

240 1977 258 2030 t
279 1972 347 2030 belli
362 1981 546 2049 praestantes:
569 1971 758 2052 (Macedones
772 1993 841 2032 vero
855 1973 961 2030 milites
974 1991 1011 2030 ea
1023 1982 1095 2030 tunc
1105 1983 1192 2030 erant

279 2049 366 2122 lama,
381 2069 440 2126 qua
453 2069 532 2110 nunc
544 2049 669 2110 Romani
683 2051 833 2111 feruntur:
855 2053 961 2110 etenim
972 2069 1086 2128 semper
1099 2051 1191 2109 habiti

278 2140 346 2187 sunt
367 2127 522 2201 fortissimi,
540 2131 591 2206 qui
615 2141 759 2190 summam
779 2132 893 2208 imperii
914 2131 1073 2208 potirentur
1083 2129 1105 2208 :)
1128 2130 1191 2188 Eu-

279 2227 379 2266 menes
402 2209 589 2287 intelligebat,
604 2211 629 2268 si
649 2212 740 2288 oopiae
761 2230 823 2269 suae
845 2220 1025 2287 cognossent,
1047 2209 1192 2268 adversus

278 2307 351 2364 quos
365 2287 550 2359 ducerentur,
565 2307 623 2346 non
637 2290 720 2348 modo
740 2308 797 2348 non
821 2291 922 2358 ituras,
938 2288 988 2346 sed
1012 2289 1099 2346 simul
1119 2308 1191 2347 cum

240 2371 259 2424 5
279 2368 380 2426 nuntio
390 2367 563 2446 dilapsuras.
606 2367 708 2446 ltaque
722 2369 777 2427 hoc
788 2369 853 2446 ejus
865 2367 919 2425 fuit
932 2353 1191 2444 prudelrtissimum

279 2447 442 2518 consilium,
458 2457 489 2506 ut
503 2447 595 2506 deviis
609 2449 761 2507 itineribus
774 2448 880 2506 milites
894 2447 1023 2518 duceret,
1038 2448 1068 2503 in
1082 2448 1192 2524 quibus

280 2546 351 2586 vera
365 2527 466 2586 audire
480 2545 537 2586 non
560 2539 683 2604 possent,
699 2538 727 2587 et
751 2528 796 2586 his
824 2526 1020 2604 persuaderet,
1035 2545 1066 2584 se
1088 2538 1192 2584 contra

239 2611 259 2664 6
279 2606 417 2682 quosdam
432 2607 570 2664 barbaros
591 2608 745 2684 proficisci.
788 2605 889 2682 ltaque
903 2607 996 2663 tenuit
1017 2605 1071 2662 hoc
1090 2623 1191 2682 propo-

280 2688 376 2755 situm,
392 2695 420 2743 et
441 2687 521 2761 prius
543 2687 573 2743 in
589 2687 682 2744 aciem
697 2688 858 2745 exercitum
873 2685 972 2742 eduxit
993 2685 1191 2761 praeliumque

280 2765 431 2833 commisit,
446 2783 534 2840 quam
556 2765 663 2823 milites
687 2768 732 2823 sui
757 2766 874 2834 scirent,
889 2783 957 2822 cum
978 2765 1084 2840 quibus
1108 2783 1191 2821 arma

280 2842 453 2901 conferrent.
475 2841 582 2901 Effecit
596 2846 684 2902 etiam
698 2845 771 2902 illud
786 2845 915 2903 locorum
930 2845 1190 2920 praeoccupatione,

280 2933 312 2980 ut
333 2924 463 2998 equitatu
486 2922 579 2998 potius
603 2923 762 2994 dimicaret,
788 2943 845 3000 quc
869 2922 935 3000 plus
955 2923 1079 2993 valebat,
1101 2941 1190 2999 quam

280 3002 417 3078 peditatu,
432 3019 490 3078 quo
502 3011 565 3059 erat
578 3001 711 3061 deterior.

242 3088 256 3140 l
319 3081 373 3140 lV.
395 3080 530 3147 Quorum
544 3081 686 3140 acerrimo
703 3101 848 3141 concursu
863 3100 953 3158 quum
968 3099 1105 3158 magnam
1125 3099 1190 3156 par·
1239 3117 1245 3128 ·
1329 3093 1330 3108 ¹

279 3170 337 3218 tem
351 3159 408 3218 diei
422 3168 497 3217 esset
511 3169 681 3238 pugnatum,
696 3162 773 3220 cadit
786 3162 925 3220 Craterus
939 3160 1007 3230 dux,
1022 3171 1050 3217 et
1065 3160 1190 3236 Neopto-

279 3239 382 3310 lemus,
397 3240 448 3316 qui
462 3237 623 3312 secundum
637 3240 734 3299 locum
749 3242 863 3318 imperii
877 3240 1003 3299 tenebat.
1044 3239 1121 3298 Cum
1136 3239 1190 3295 hoc

240 3325 259 3377 2
280 3321 427 3377 concurrit
440 3320 502 3396 ipse
516 3317 675 3377 Eumenes.
718 3320 779 3386 Qui
799 3339 890 3397 quum
912 3321 987 3375 inter
1001 3337 1031 3374 se
1046 3317 1189 3393 complexi

280 3399 309 3454 in
324 3408 432 3456 terram
447 3416 484 3456 ex
498 3398 582 3473 equis
596 3397 779 3468 decidissent,
796 3411 827 3458 ut
842 3397 927 3456 facile
948 3397 1072 3473 intelligi
1087 3409 1188 3472 posset,
1211 3463 1220 3478 ·

279 3478 398 3536 inimica
411 3486 507 3534 mente
528 3477 719 3550 contendisse,
734 3480 887 3554 animoque
902 3475 996 3552 magis
1010 3477 1097 3532 etiam
1119 3493 1186 3551 pug-

280 3577 374 3628 nasse,
390 3575 479 3634 quam
492 3574 623 3632 corpore,
638 3575 695 3616 non
709 3561 791 3634 prius
804 3555 933 3613 distracti
947 3564 1024 3624 sunt,
1040 3573 1128 3630 quarn
1150 3553 1189 3610 al-

278 3649 374 3694 terum
389 3637 487 3693 anima
501 3634 662 3711 reliquerit.
705 3637 755 3694 Ab
773 3636 826 3693 hoc
842 3635 951 3710 aliquot
972 3632 1067 3710 plagis
1082 3631 1190 3690 Eume-

279 3733 332 3772 nes
353 3715 533 3784 vulneratur,
548 3731 644 3790 neque
658 3735 692 3772 eo
707 3715 802 3791 magis
815 3733 851 3772 ex
866 3712 969 3788 proelio
984 3712 1118 3780 excessit,
1141 3709 1189 3769 sed

241 3793 380 3852 tronus
401 3794 495 3854 hoster
516 3793 628 3852 institit.
670 3793 729 3852 Hic
744 3793 890 3870 equitibus
914 3790 1083 3868 profligatis,
1104 3791 1186 3849 inter.
